2996 4792
744 269 961 318 ...10-

313 395 1397 563 tilithilffitlti‘lstllltitritititthl’hif

312 577 404 651 dessi,
421 587 453 638 ut
475 581 576 634 omnes
597 592 689 655 prope
709 572 870 649 tradebant,
893 571 943 634 aed
967 571 1045 634 haud
1067 571 1155 654 longe
1177 591 1195 632 a
1215 569 1291 633 ireto
1311 571 1341 633 in
1363 589 1396 632 es

310 663 427 726 Thracii
439 661 532 722 litoris
545 675 626 741 parte
640 679 713 744 quae
727 661 877 743 Bithyniae
891 658 1017 722 obicitur
1029 659 1114 722 linxit
1126 658 1316 734 habitantem,
1327 677 1396 720 sane

312 765 346 814 ut
358 749 500 833 poematis
513 749 643 810 ordinem
656 762 686 811 et
701 748 809 812 fabulas
822 745 1042 833 quodammodo
1062 747 1136 810 inter
1154 766 1185 808 ae
1199 746 1394 809 conciliaret¹.

312 841 369 902 Sed
388 857 530 922 nusquam
548 837 745 920 copiosiorem
764 837 925 901 doctrinam
946 855 1033 920 qnam
1055 836 1085 898 in
1106 834 1291 898 describendt
1303 833 1398 898 Thes-

313 929 383 993 salia
395 927 541 1005 exhibuit;
556 946 629 1010 quae
643 927 759 1011 quidem
772 927 925 990 iniasonis
939 939 967 989 et
981 925 1100 990 Medeae
1113 923 1296 1010 colloquium
1305 923 1397 987 ineiu-

312 1018 368 1096 sit;
392 1017 440 1080 hic
460 1018 561 1093 heros,
585 1018 717 1099 quamuis
738 1036 838 1079 amore
862 1017 1003 1099 percitus,
1026 1027 1140 1078 amatae
1162 1013 1268 1098 uirgini
1290 1027 1396 1078 terram

312 1106 390 1170 ssiam
404 1107 544 1190 depingit,
558 1105 622 1168 altis
636 1106 784 1168 montibus
798 1105 937 1181 clausam,
956 1123 1051 1188 neque
1069 1103 1190 1166 flumina
1203 1101 1252 1165 uel
1269 1103 1397 1165 diuenas
1468 1133 1471 1140 v

311 1195 473 1258 incolarum
486 1213 568 1276 opes,
583 1193 653 1256 dum
666 1194 787 1276 patriam
799 1193 909 1272 laudat,
923 1192 1082 1275 neglegit¹.
1097 1190 1180 1254 Adeo
1200 1189 1397 1276 geographiae

311 1283 422 1347 studuit
435 1296 468 1345 ut
480 1283 604 1344 maxime
617 1294 715 1344 uetera
727 1281 861 1344 locorum
873 1281 992 1343 nomina
1006 1279 1148 1343 memoria
1160 1279 1296 1341 retineret
1309 1293 1398 1361 atque

312 1384 479 1452 usurparet3
492 1371 535 1432 sic
547 1371 714 1452 Aegyptum
725 1370 842 1432 Aeriam
854 1367 1012 1451 Nilumque
1024 1368 1147 1430 Tritona
1162 1365 1316 1449 appellata.

351 1457 429 1521 Nihil
446 1457 504 1520 tale
522 1456 598 1540 apud
620 1456 767 1520 Valerium
788 1457 922 1540 reperias.
948 1457 1078 1519 Primum
1096 1453 1175 1518 euim
1193 1452 1277 1518 illum
1294 1452 1397 1517 Phinei

311 1565 474 1610 ammonem
488 1546 518 1608 in
530 1544 618 1608 breue
634 1546 751 1629 coegit3
771 1545 820 1609 hic
838 1544 944 1629 Halym
960 1543 1254 1626 Themiscyriumque
1272 1555 1301 1606 et
1318 1544 1399 1605 Mos·

311 1656 401 1719 synos
413 1649 443 1698 et
455 1634 615 1698 Tibarenos
633 1635 742 1698 omittit
764 1649 794 1698 et
815 1647 910 1699 cetera
933 1636 1054 1698 nomina
1070 1632 1168 1696 obiter
1183 1644 1314 1696 recenset
1334 1630 1398 1714 pnl-

311 1725 398 1788 chrae
409 1724 585 1788 elocutionis
598 1725 697 1805 potius
708 1723 824 1786 laudem
838 1743 924 1806 quant
938 1720 1053 1785 ielicem
1066 1720 1146 1784 illam
1164 1733 1194 1782 et
1210 1720 1398 1783 artificiosam

52 1813 58 1821 “
190 1807 195 1816 ’
311 1813 343 1875 in
355 1812 541 1877 describendo
555 1811 734 1895 diligentiam
747 1811 907 1897 requirens.
923 1811 1030 1891 lmmo,
1040 1809 1151 1894 Lycum
1164 1810 1319 1874 nominans

559 2001 704 2047 ...maneat
716 1991 761 2063 qul
775 1991 862 2046 uictor
874 1989 907 2046 ab
920 1989 975 2046 oris

467 2060 652 2134 bebryciiat...

311 2263 343 2312 et
354 2251 439 2314 mites
452 2251 514 2314 eius
527 2269 624 2314 mores
644 2249 814 2328 absentans,
834 2249 912 2314 hunc
932 2249 1187 2334 Mariandynorum
1207 2249 1288 2332 genti
1307 2248 1400 2331 impe·

256 2367 261 2376 ·
311 2339 420 2402 ranisse
431 2358 593 2402 memorare
607 2338 778 2424 dedignatus
791 2353 846 2403 est.
861 2340 919 2401 Sed
932 2340 956 2401 si
970 2358 1072 2423 pamm
1087 2337 1174 2401 studii
1188 2337 1219 2400 in
1237 2334 1296 2399 boc
1318 2337 1400 2399 erhi-

312 2426 371 2502 bet,
393 2441 530 2504 atcerte,
547 2427 709 2510 praeclarae
727 2428 781 2490 arti
800 2428 930 2505 innixus,
950 2429 981 2490 in
999 2426 1153 2490 mouendis
1171 2439 1202 2488 et
1222 2425 1399 2488 delectandis

309 2515 413 2578 animis
429 2515 553 2579 excellit.
573 2517 686 2598 Nempe
703 2517 733 2578 in
750 2517 871 2579 materia
892 2535 979 2599 quarn
1001 2513 1182 2578 tractandam
1203 2513 1329 2576 adsumit
1351 2513 1400 2576 illa

187 2662 190 2668 .
309 2602 391 2685 eligit
402 2623 477 2689 quae
490 2605 576 2667 latius
589 2605 724 2688 explicari
737 2618 767 2667 et
783 2604 887 2669 lucidis
906 2603 1037 2668 ausibus
1056 2602 1213 2689 significari
1232 2601 1399 2687 ingeniique
1427 2637 1431 2646 ·

308 2689 463 2756 luminibus
481 2692 616 2756 illustrari
633 2695 764 2776 possint3
783 2714 829 2758 res
850 2693 1009 2778 locupletat
1034 2705 1063 2755 et
1085 2692 1172 2755 uariis
1192 2689 1341 2755 coloribus
1359 2691 1400 2753 ita

309 2781 459 2866 distinguit
472 2795 504 2844 ut
516 2781 640 2866 legentis
652 2782 765 2846 animus
782 2782 956 2866 impellatur,
978 2782 1226 2866 praestringantur
1239 2778 1329 2858 oculi,
1345 2798 1399 2842 nec

310 2884 407 2932 umen
418 2889 578 2954 numquam
590 2869 733 2934 fateamur
746 2891 763 2934 e
776 2885 878 2934 natura
890 2871 952 2955 ipsa
965 2871 1017 2934 has
1031 2870 1162 2952 poeticas
1175 2869 1317 2952 imagines
1336 2886 1413 2937 esse¹
1443 2909 1447 2924 ·

310 2957 506 3044 depromptas.
523 2961 623 3036 Quare
635 2974 780 3023 torrentes
793 2974 822 3024 et
836 2961 930 3023 multo
945 2980 1056 3042 uapore
1070 2960 1228 3043 caligantes
1240 2959 1316 3022 inter
1328 2978 1400 3020 caua

308 3065 380 3110 saxa
391 3049 563 3112 Acherontis
574 3047 665 3112 nodas
678 3061 708 3110 et
721 3049 833 3130 rapidas
846 3050 1030 3110 Amazonum
1046 3047 1077 3110 in
1095 3048 1217 3132 puluere
1234 3046 1270 3108 ad
1290 3045 1400 3129 proelia

310 3133 496 3222 nohtantiuna
510 3149 620 3198 tunnas
632 3135 781 3218 splendide
794 3134 923 3220 depingit
933 3145 954 3196 ⁵.

465 3317 522 3375 Illic
534 3317 668 3390 pestilerae
679 3317 769 3375 subter
781 3319 845 3390 iuga
858 3333 977 3375 concaua
990 3329 1095 3390 torquet

464 3387 539 3444 Alter
551 3405 631 3462 aquas
643 3390 768 3446 Acheron
783 3399 911 3462 uastoque
924 3387 1039 3444 exundat
1051 3387 1125 3442 hiatu

466 3461 581 3516 fumeus
593 3471 620 3515 et
631 3475 708 3516 saeua
766 3462 838 3516 ultur
850 3458 964 3532 callgine
977 3473 1086 3530 campos
1089 3497 1142 3515 .....
1185 3525 1186 3528 ¹

465 3530 507 3586 Ne
517 3530 566 3584 tibi
579 3541 640 3586 tnnc
653 3530 752 3586 horren
799 3546 879 3604 rapax
892 3528 925 3583 ad
939 3528 1018 3583 litora
1032 3544 1147 3601 puppem

428 3683 432 3690 -
465 3599 727 3725 {dimidii
741 3597 1165 3724 ls¹²i⁸12tl2¹iil⁰Wb⁰

463 3739 584 3796 lntrcmit
596 3750 622 3793 ct
634 3685 823 3812 pugnasedrota
836 3750 910 3812 pater
921 3685 1014 3794 incitat
1027 3737 1110 3794 basta.

338 3945 359 3980 t.
366 3935 395 3979 V.
405 3935 510 3980 inrita
518 3947 546 3982 ιι
558 3937 674 3990 Hauon,
686 3937 715 3980 les
727 3937 900 3995 Armatique.
913 3955 940 3973 ι-
950 3935 1022 3990 Naro,
1033 3911 1062 3989 ll,
1073 3948 1094 3982 ι.
1102 3945 1146 3991 ιη,
1158 3931 1255 3979 etSebal.
1263 3935 1342 3979 Λιοιι.
1355 3935 1400 3980 aa.

172 4033 176 4039 “
309 3997 453 4094 ''flinu
462 4041 502 4094 m,
512 4043 570 4096 ma.
580 4037 608 4088 t.
616 4043 647 4086 ur
658 4043 724 4087 vam
735 4055 763 4087 n
771 4043 932 4100 rrae-moa.
943 4041 1019 4097 uun
1028 4037 1100 4093 uua,
1108 4052 1130 4088 v.
1141 4040 1202 4094 ιοις.
1270 3997 1288 4028 ⁸

335 4091 433 4150 eschai.
440 4095 520 4140 snm
529 4096 611 4148 iinon,
620 4093 658 4147 lv,
668 4097 713 4149 ιθ.
719 4095 768 4201 pgr.
779 4095 813 4204 ξ
819 4097 888 4140 Vrasa
898 4107 927 4141 ιι
937 4097 1055 4170 laeuone.
1063 4091 1134 4146 Nun,
1142 4106 1164 4150 p.
1174 4103 1220 4148 uqa,
1231 4091 1288 4148 m.)
1379 4163 1381 4168 Ι

334 4145 717 4270 thwetum
763 4159 796 4240 ³.
