<?xml version="1.0" encoding="UTF-8"?>
<!DOCTYPE html PUBLIC "-//W3C//DTD XHTML 1.0 Transitional//EN"
    "http://www.w3.org/TR/xhtml1/DTD/xhtml1-transitional.dtd">
<html xmlns="http://www.w3.org/1999/xhtml" xml:lang="en" lang="en">
 <head>
  <title>
</title>
<meta http-equiv="Content-Type" content="text/html;charset=utf-8" />
  <meta name='ocr-system' content='tesseract 3.04.00' />
  <meta name='ocr-capabilities' content='ocr_page ocr_carea ocr_par ocr_line ocrx_word'/>
</head>
<body>
  <div class='ocr_page' id='page_1' title='image "./devalerioflacco00harmgoog_0151.png"; bbox 0 0 2970 4802; ppageno 0'>
   <div class='ocr_carea' id='block_1_1' title="bbox 522 213 757 288">
    <p class='ocr_par' dir='ltr' id='par_1_1' title="bbox 522 213 757 288">
     <span class='ocr_line' id='line_1_1' title="bbox 522 213 757 288; baseline -0.009 -40"><span class='ocrx_word' id='word_1_1' title='bbox 522 213 757 288; x_wconf 77' lang='lat'><strong>-„,-</strong></span> 
     </span>
    </p>
   </div>
   <div class='ocr_carea' id='block_1_2' title="bbox 88 339 1212 695">
    <p class='ocr_par' dir='ltr' id='par_1_2' title="bbox 88 339 1212 695">
     <span class='ocr_line' id='line_1_2' title="bbox 90 339 1212 432; baseline 0.003 -27"><span class='ocrx_word' id='word_1_2' title='bbox 90 343 193 428; x_wconf 79' lang='lat' dir='ltr'><strong>pingit,</strong></span> <span class='ocrx_word' id='word_1_3' title='bbox 215 341 277 406; x_wconf 88' lang='lat' dir='ltr'><strong>sine</strong></span> <span class='ocrx_word' id='word_1_4' title='bbox 297 339 386 406; x_wconf 90' lang='lat' dir='ltr'><strong>dubio</strong></span> <span class='ocrx_word' id='word_1_5' title='bbox 406 341 558 408; x_wconf 80' lang='lat' dir='ltr'>delubrum</span> <span class='ocrx_word' id='word_1_6' title='bbox 580 343 652 408; x_wconf 91' lang='lat' dir='ltr'><strong>illud</strong></span> <span class='ocrx_word' id='word_1_7' title='bbox 672 343 777 407; x_wconf 90' lang='lat' dir='ltr'><strong>lunoni</strong></span> <span class='ocrx_word' id='word_1_8' title='bbox 797 343 926 407; x_wconf 88' lang='lat' dir='ltr'><strong>dicatum</strong></span> <span class='ocrx_word' id='word_1_9' title='bbox 947 343 1090 418; x_wconf 80' lang='lat' dir='ltr'><strong>meminit,</strong></span> <span class='ocrx_word' id='word_1_10' title='bbox 1106 343 1187 427; x_wconf 90' lang='lat' dir='ltr'><strong>quod</strong></span> <span class='ocrx_word' id='word_1_11' title='bbox 1209 423 1212 432; x_wconf 69' lang='lat'><strong>,</strong></span> 
     </span>
     <span class='ocr_line' id='line_1_3' title="bbox 89 431 1187 517; baseline -0.002 -21"><span class='ocrx_word' id='word_1_12' title='bbox 89 433 188 496; x_wconf 86' lang='lat' dir='ltr'><strong>inuisit</strong></span> <span class='ocrx_word' id='word_1_13' title='bbox 200 431 325 507; x_wconf 77' lang='lat' dir='ltr'><strong>Aeneas,</strong></span> <span class='ocrx_word' id='word_1_14' title='bbox 341 445 386 494; x_wconf 89' lang='lat' dir='ltr'><strong>tot</strong></span> <span class='ocrx_word' id='word_1_15' title='bbox 400 431 511 496; x_wconf 86' lang='lat' dir='ltr'><strong>tabulas</strong></span> <span class='ocrx_word' id='word_1_16' title='bbox 530 435 649 498; x_wconf 79' lang='lat' dir='ltr'><strong>miratus</strong></span> <span class='ocrx_word' id='word_1_17' title='bbox 668 432 717 496; x_wconf 89' lang='lat' dir='ltr'><strong>ubi</strong></span> <span class='ocrx_word' id='word_1_18' title='bbox 729 432 818 517; x_wconf 86' lang='lat' dir='ltr'><strong>longa</strong></span> <span class='ocrx_word' id='word_1_19' title='bbox 832 433 1025 496; x_wconf 86' lang='lat' dir='ltr'><strong>Troianamm</strong></span> <span class='ocrx_word' id='word_1_20' title='bbox 1038 431 1187 495; x_wconf 85' lang='lat' dir='ltr'><strong>calamita·</strong></span> 
     </span>
     <span class='ocr_line' id='line_1_4' title="bbox 88 519 1188 605; baseline -0.001 -21"><span class='ocrx_word' id='word_1_21' title='bbox 88 535 152 584; x_wconf 91' lang='lat' dir='ltr'><strong>tum</strong></span> <span class='ocrx_word' id='word_1_22' title='bbox 179 519 267 583; x_wconf 86' lang='lat' dir='ltr'><strong>series</strong></span> <span class='ocrx_word' id='word_1_23' title='bbox 293 533 356 584; x_wconf 85' lang='lat' dir='ltr'><strong>erat</strong></span> <span class='ocrx_word' id='word_1_24' title='bbox 380 540 525 605; x_wconf 86' lang='lat' dir='ltr'><strong>expressa.</strong></span> <span class='ocrx_word' id='word_1_25' title='bbox 550 525 589 586; x_wconf 80' lang='lat' dir='ltr'><strong>lit</strong></span> <span class='ocrx_word' id='word_1_26' title='bbox 616 542 713 586; x_wconf 89' lang='lat' dir='ltr'><strong>nonne</strong></span> <span class='ocrx_word' id='word_1_27' title='bbox 734 521 868 584; x_wconf 88' lang='lat' dir='ltr'><strong>Valerius</strong></span> <span class='ocrx_word' id='word_1_28' title='bbox 891 522 1044 584; x_wconf 79' lang='lat' dir='ltr'><strong>materiam</strong></span> <span class='ocrx_word' id='word_1_29' title='bbox 1064 519 1188 584; x_wconf 80' lang='lat' dir='ltr'><strong>feliciter</strong></span> 
     </span>
     <span class='ocr_line' id='line_1_5' title="bbox 88 608 1185 695; baseline -0.001 -21"><span class='ocrx_word' id='word_1_30' title='bbox 88 611 265 686; x_wconf 89' lang='lat' dir='ltr'><strong>retractauit,</strong></span> <span class='ocrx_word' id='word_1_31' title='bbox 283 629 351 673; x_wconf 92' lang='lat' dir='ltr'><strong>cum</strong></span> <span class='ocrx_word' id='word_1_32' title='bbox 369 629 430 674; x_wconf 91' lang='lat' dir='ltr'><strong>nou</strong></span> <span class='ocrx_word' id='word_1_33' title='bbox 445 608 543 675; x_wconf 91' lang='lat' dir='ltr'><strong>solum</strong></span> <span class='ocrx_word' id='word_1_34' title='bbox 562 612 598 674; x_wconf 93' lang='lat' dir='ltr'><strong>ad</strong></span> <span class='ocrx_word' id='word_1_35' title='bbox 616 613 804 695; x_wconf 91' lang='lat' dir='ltr'><strong>praeteritum</strong></span> <span class='ocrx_word' id='word_1_36' title='bbox 823 611 977 674; x_wconf 90' lang='lat' dir='ltr'><strong>sedetiam</strong></span> <span class='ocrx_word' id='word_1_37' title='bbox 998 611 1034 674; x_wconf 91' lang='lat' dir='ltr'><strong>ad</strong></span> <span class='ocrx_word' id='word_1_38' title='bbox 1055 609 1185 674; x_wconf 76' lang='lat' dir='ltr'><strong>lurtumm</strong></span> 
     </span>
    </p>
   </div>
   <div class='ocr_carea' id='block_1_3' title="bbox 87 687 1342 875">
    <p class='ocr_par' dir='ltr' id='par_1_3' title="bbox 87 687 1342 875">
     <span class='ocr_line' id='line_1_6' title="bbox 87 687 1314 784; baseline 0.001 -22"><span class='ocrx_word' id='word_1_39' title='bbox 87 713 203 783; x_wconf 89' lang='lat' dir='ltr'><strong>tempus</strong></span> <span class='ocrx_word' id='word_1_40' title='bbox 221 698 284 760; x_wconf 90' lang='lat' dir='ltr'><strong>illas</strong></span> <span class='ocrx_word' id='word_1_41' title='bbox 301 698 484 763; x_wconf 88' lang='lat' dir='ltr'><strong>adumbratas</strong></span> <span class='ocrx_word' id='word_1_42' title='bbox 501 700 608 784; x_wconf 79' lang='lat' dir='ltr'><strong>figuras</strong></span> <span class='ocrx_word' id='word_1_43' title='bbox 627 700 769 783; x_wconf 86' lang='lat' dir='ltr'><strong>pertinere</strong></span> <span class='ocrx_word' id='word_1_44' title='bbox 789 699 872 762; x_wconf 86' lang='lat' dir='ltr'><strong>finxit</strong></span> <span class='ocrx_word' id='word_1_45' title='bbox 891 713 919 762; x_wconf 93' lang='lat' dir='ltr'><strong>et</strong></span> <span class='ocrx_word' id='word_1_46' title='bbox 933 701 1079 774; x_wconf 80' lang='lat' dir='ltr'><strong>Iasonem,</strong></span> <span class='ocrx_word' id='word_1_47' title='bbox 1101 700 1184 763; x_wconf 89' lang='lat' dir='ltr'><strong>cuius</strong></span> <span class='ocrx_word' id='word_1_48' title='bbox 1273 745 1276 750; x_wconf 89' lang='lat'><em>-</em></span> <span class='ocrx_word' id='word_1_49' title='bbox 1311 687 1314 697; x_wconf 70' lang='lat'>&#39;</span> 
     </span>
     <span class='ocr_line' id='line_1_7' title="bbox 87 787 1342 875; baseline 0.002 -25"><span class='ocrx_word' id='word_1_50' title='bbox 87 807 133 850; x_wconf 92' lang='lat' dir='ltr'><strong>res</strong></span> <span class='ocrx_word' id='word_1_51' title='bbox 154 787 280 850; x_wconf 84' lang='lat' dir='ltr'><strong>maxime</strong></span> <span class='ocrx_word' id='word_1_52' title='bbox 302 787 452 865; x_wconf 85' lang='lat' dir='ltr'><strong>intererat,</strong></span> <span class='ocrx_word' id='word_1_53' title='bbox 477 790 547 873; x_wconf 90' lang='lat' dir='ltr'><strong>quid</strong></span> <span class='ocrx_word' id='word_1_54' title='bbox 569 788 758 853; x_wconf 85' lang='lat' dir='ltr'><strong>haecomnia</strong></span> <span class='ocrx_word' id='word_1_55' title='bbox 777 788 972 874; x_wconf 87' lang='lat' dir='ltr'><strong>significarent</strong></span> <span class='ocrx_word' id='word_1_56' title='bbox 1000 789 1184 874; x_wconf 84' lang='lat' dir='ltr'><strong>ignorantem</strong></span> <span class='ocrx_word' id='word_1_57' title='bbox 1257 869 1262 875; x_wconf 24' lang='grc' dir='ltr'>ι</span> <span class='ocrx_word' id='word_1_58' title='bbox 1323 790 1342 814; x_wconf 77' lang='grc'><strong><em>’</em></strong></span> 
     </span>
    </p>
   </div>
   <div class='ocr_carea' id='block_1_4' title="bbox 88 875 1184 962">
    <p class='ocr_par' dir='ltr' id='par_1_4' title="bbox 88 875 1184 962">
     <span class='ocr_line' id='line_1_8' title="bbox 88 875 1184 962; baseline 0.003 -23"><span class='ocrx_word' id='word_1_59' title='bbox 88 875 236 940; x_wconf 79' lang='lat' dir='ltr'><strong>induxit¹i</strong></span> <span class='ocrx_word' id='word_1_60' title='bbox 247 877 331 940; x_wconf 83' lang='lat' dir='ltr'><strong>iason</strong></span> <span class='ocrx_word' id='word_1_61' title='bbox 344 897 464 962; x_wconf 90' lang='lat' dir='ltr'><strong>quoque</strong></span> <span class='ocrx_word' id='word_1_62' title='bbox 477 893 506 942; x_wconf 94' lang='lat' dir='ltr'><strong>et</strong></span> <span class='ocrx_word' id='word_1_63' title='bbox 518 882 618 942; x_wconf 86' lang='lat' dir='ltr'><strong>Aeson</strong></span> <span class='ocrx_word' id='word_1_64' title='bbox 631 878 709 941; x_wconf 91' lang='lat' dir='ltr'><strong>inter</strong></span> <span class='ocrx_word' id='word_1_65' title='bbox 720 897 753 940; x_wconf 93' lang='lat' dir='ltr'><strong>se</strong></span> <span class='ocrx_word' id='word_1_66' title='bbox 762 878 865 942; x_wconf 90' lang='lat' dir='ltr'><strong>ultima</strong></span> <span class='ocrx_word' id='word_1_67' title='bbox 877 877 966 940; x_wconf 88' lang='lat' dir='ltr'><strong>uerba</strong></span> <span class='ocrx_word' id='word_1_68' title='bbox 977 877 1114 940; x_wconf 86' lang='lat' dir='ltr'><strong>habentes</strong></span> <span class='ocrx_word' id='word_1_69' title='bbox 1123 897 1184 942; x_wconf 90' lang='lat' dir='ltr'><strong>oon</strong></span> 
     </span>
    </p>
   </div>
   <div class='ocr_carea' id='block_1_5' title="bbox 87 961 1296 1050">
    <p class='ocr_par' dir='ltr' id='par_1_5' title="bbox 87 961 1296 1050">
     <span class='ocr_line' id='line_1_9' title="bbox 87 961 1296 1050; baseline 0.002 -23"><span class='ocrx_word' id='word_1_70' title='bbox 87 964 213 1028; x_wconf 91' lang='lat' dir='ltr'><strong>multum</strong></span> <span class='ocrx_word' id='word_1_71' title='bbox 226 964 262 1027; x_wconf 87' lang='lat' dir='ltr'><strong>ab</strong></span> <span class='ocrx_word' id='word_1_72' title='bbox 276 965 413 1030; x_wconf 86' lang='lat' dir='ltr'><strong>Euandro</strong></span> <span class='ocrx_word' id='word_1_73' title='bbox 426 979 456 1029; x_wconf 89' lang='lat' dir='ltr'><strong>et</strong></span> <span class='ocrx_word' id='word_1_74' title='bbox 468 967 611 1030; x_wconf 80' lang='lat' dir='ltr'><strong>Pallante’</strong></span> <span class='ocrx_word' id='word_1_75' title='bbox 626 966 746 1042; x_wconf 69' lang='lat' dir='ltr'><strong>durant,</strong></span> <span class='ocrx_word' id='word_1_76' title='bbox 759 966 810 1029; x_wconf 90' lang='lat' dir='ltr'><strong>sed</strong></span> <span class='ocrx_word' id='word_1_77' title='bbox 823 985 999 1050; x_wconf 91' lang='lat' dir='ltr'><strong>quamquam</strong></span> <span class='ocrx_word' id='word_1_78' title='bbox 1013 979 1101 1049; x_wconf 91' lang='lat' dir='ltr'><strong>poeta</strong></span> <span class='ocrx_word' id='word_1_79' title='bbox 1113 980 1183 1030; x_wconf 87' lang='lat' dir='ltr'><strong>tunc</strong></span> <span class='ocrx_word' id='word_1_80' title='bbox 1286 961 1296 972; x_wconf 82' lang='lat'>&#39;</span> 
     </span>
    </p>
   </div>
   <div class='ocr_carea' id='block_1_6' title="bbox 70 1053 1251 2292">
    <p class='ocr_par' dir='ltr' id='par_1_6' title="bbox 70 1053 1251 2292">
     <span class='ocr_line' id='line_1_10' title="bbox 87 1053 1183 1139; baseline 0.004 -24"><span class='ocrx_word' id='word_1_81' title='bbox 87 1054 124 1116; x_wconf 92' lang='lat' dir='ltr'><strong>de</strong></span> <span class='ocrx_word' id='word_1_82' title='bbox 146 1053 278 1117; x_wconf 81' lang='lat' dir='ltr'><strong>Aeneidos</strong></span> <span class='ocrx_word' id='word_1_83' title='bbox 301 1053 471 1139; x_wconf 85' lang='lat' dir='ltr'><strong>quibusdam</strong></span> <span class='ocrx_word' id='word_1_84' title='bbox 495 1055 625 1120; x_wconf 88' lang='lat' dir='ltr'><strong>uersibus</strong></span> <span class='ocrx_word' id='word_1_85' title='bbox 647 1055 790 1132; x_wconf 87' lang='lat' dir='ltr'><strong>meminit,</strong></span> <span class='ocrx_word' id='word_1_86' title='bbox 812 1055 858 1118; x_wconf 91' lang='lat' dir='ltr'><strong>sui</strong></span> <span class='ocrx_word' id='word_1_87' title='bbox 876 1067 973 1118; x_wconf 88' lang='lat' dir='ltr'><strong>tamen</strong></span> <span class='ocrx_word' id='word_1_88' title='bbox 993 1054 1063 1120; x_wconf 90' lang='lat' dir='ltr'><strong>iuris</strong></span> <span class='ocrx_word' id='word_1_89' title='bbox 1083 1069 1128 1119; x_wconf 88' lang='lat' dir='ltr'><strong>est</strong></span> <span class='ocrx_word' id='word_1_90' title='bbox 1149 1075 1183 1119; x_wconf 88' lang='lat' dir='ltr'><strong>ac</strong></span> 
     </span>
     <span class='ocr_line' id='line_1_11' title="bbox 87 1141 1183 1229; baseline 0.003 -24"><span class='ocrx_word' id='word_1_91' title='bbox 87 1143 187 1227; x_wconf 89' lang='lat' dir='ltr'><strong>potius</strong></span> <span class='ocrx_word' id='word_1_92' title='bbox 209 1141 380 1227; x_wconf 79' lang='lat' dir='ltr'><strong>desumptae</strong></span> <span class='ocrx_word' id='word_1_93' title='bbox 401 1144 441 1206; x_wconf 91' lang='lat' dir='ltr'><strong>rei</strong></span> <span class='ocrx_word' id='word_1_94' title='bbox 463 1144 553 1208; x_wconf 87' lang='lat' dir='ltr'><strong>lineas</strong></span> <span class='ocrx_word' id='word_1_95' title='bbox 576 1157 606 1208; x_wconf 90' lang='lat' dir='ltr'><strong>et</strong></span> <span class='ocrx_word' id='word_1_96' title='bbox 629 1145 711 1229; x_wconf 89' lang='lat' dir='ltr'><strong>quasi</strong></span> <span class='ocrx_word' id='word_1_97' title='bbox 738 1142 864 1228; x_wconf 85' lang='lat' dir='ltr'><strong>liguram</strong></span> <span class='ocrx_word' id='word_1_98' title='bbox 890 1162 978 1227; x_wconf 79' lang='lat' dir='ltr'><strong>quam</strong></span> <span class='ocrx_word' id='word_1_99' title='bbox 1002 1163 1063 1220; x_wconf 83' lang='lat' dir='ltr'><strong>rem¹</strong></span> <span class='ocrx_word' id='word_1_100' title='bbox 1090 1146 1183 1229; x_wconf 84' lang='lat' dir='ltr'><strong>ipsam</strong></span> 
     </span>
     <span class='ocr_line' id='line_1_12' title="bbox 88 1230 1184 1318; baseline 0.002 -24"><span class='ocrx_word' id='word_1_101' title='bbox 88 1230 198 1311; x_wconf 88' lang='lat' dir='ltr'><strong>reddit;</strong></span> <span class='ocrx_word' id='word_1_102' title='bbox 218 1231 300 1297; x_wconf 90' lang='lat' dir='ltr'><strong>nullo</strong></span> <span class='ocrx_word' id='word_1_103' title='bbox 323 1232 402 1294; x_wconf 89' lang='lat' dir='ltr'><strong>enim</strong></span> <span class='ocrx_word' id='word_1_104' title='bbox 422 1231 512 1296; x_wconf 91' lang='lat' dir='ltr'><strong>uerbo</strong></span> <span class='ocrx_word' id='word_1_105' title='bbox 532 1230 648 1297; x_wconf 87' lang='lat' dir='ltr'><strong>aliunde</strong></span> <span class='ocrx_word' id='word_1_106' title='bbox 666 1233 756 1296; x_wconf 89' lang='lat' dir='ltr'><strong>ducto</strong></span> <span class='ocrx_word' id='word_1_107' title='bbox 776 1232 946 1318; x_wconf 91' lang='lat' dir='ltr'><strong>plerumque</strong></span> <span class='ocrx_word' id='word_1_108' title='bbox 959 1233 1049 1298; x_wconf 91' lang='lat' dir='ltr'><strong>utitur</strong></span> <span class='ocrx_word' id='word_1_109' title='bbox 1062 1233 1117 1297; x_wconf 89' lang='lat' dir='ltr'><strong>nisi</strong></span> <span class='ocrx_word' id='word_1_110' title='bbox 1129 1234 1184 1296; x_wconf 91' lang='lat' dir='ltr'><strong>im-</strong></span> 
     </span>
     <span class='ocr_line' id='line_1_13' title="bbox 87 1320 1183 1405; baseline 0.004 -23"><span class='ocrx_word' id='word_1_111' title='bbox 87 1333 210 1384; x_wconf 87' lang='lat' dir='ltr'><strong>mutato.</strong></span> <span class='ocrx_word' id='word_1_112' title='bbox 226 1320 275 1384; x_wconf 89' lang='lat' dir='ltr'><strong>Sic</strong></span> <span class='ocrx_word' id='word_1_113' title='bbox 288 1321 401 1384; x_wconf 86' lang='lat' dir='ltr'><strong>Daretis</strong></span> <span class='ocrx_word' id='word_1_114' title='bbox 415 1335 443 1384; x_wconf 92' lang='lat' dir='ltr'><strong>et</strong></span> <span class='ocrx_word' id='word_1_115' title='bbox 457 1321 561 1384; x_wconf 87' lang='lat' dir='ltr'><strong>Entelli</strong></span> <span class='ocrx_word' id='word_1_116' title='bbox 575 1335 721 1386; x_wconf 88' lang='lat' dir='ltr'><strong>certamen</strong></span> <span class='ocrx_word' id='word_1_117' title='bbox 741 1343 758 1383; x_wconf 88' lang='lat' dir='ltr'><strong>a</strong></span> <span class='ocrx_word' id='word_1_118' title='bbox 777 1321 907 1405; x_wconf 86' lang='lat' dir='ltr'><strong>Vergilio</strong></span> <span class='ocrx_word' id='word_1_119' title='bbox 926 1335 986 1385; x_wconf 89' lang='lat' dir='ltr'><strong>tam</strong></span> <span class='ocrx_word' id='word_1_120' title='bbox 1000 1321 1120 1404; x_wconf 85' lang='lat' dir='ltr'><strong>pulchre</strong></span> <span class='ocrx_word' id='word_1_121' title='bbox 1133 1323 1183 1386; x_wconf 89' lang='lat' dir='ltr'><strong>de·</strong></span> 
     </span>
     <span class='ocr_line' id='line_1_14' title="bbox 86 1407 1183 1493; baseline 0.003 -23"><span class='ocrx_word' id='word_1_122' title='bbox 86 1408 226 1492; x_wconf 91' lang='lat' dir='ltr'><strong>scriptum</strong></span> <span class='ocrx_word' id='word_1_123' title='bbox 248 1407 399 1480; x_wconf 85' lang='lat' dir='ltr'><strong>adhibens,</strong></span> <span class='ocrx_word' id='word_1_124' title='bbox 423 1409 572 1473; x_wconf 81' lang='lat' dir='ltr'><strong>Pollucem</strong></span> <span class='ocrx_word' id='word_1_125' title='bbox 592 1423 625 1472; x_wconf 89' lang='lat' dir='ltr'><strong>et</strong></span> <span class='ocrx_word' id='word_1_126' title='bbox 647 1412 792 1493; x_wconf 76' lang='lat' dir='ltr'><strong>Amycum</strong></span> <span class='ocrx_word' id='word_1_127' title='bbox 816 1409 891 1472; x_wconf 90' lang='lat' dir='ltr'><strong>inter</strong></span> <span class='ocrx_word' id='word_1_128' title='bbox 913 1429 945 1472; x_wconf 90' lang='lat' dir='ltr'><strong>se</strong></span> <span class='ocrx_word' id='word_1_129' title='bbox 964 1423 1126 1493; x_wconf 77' lang='lat' dir='ltr'><strong>pugnantes</strong></span> <span class='ocrx_word' id='word_1_130' title='bbox 1143 1411 1183 1473; x_wconf 88' lang='lat' dir='ltr'><strong>ita</strong></span> 
     </span>
     <span class='ocr_line' id='line_1_15' title="bbox 87 1493 1187 1580; baseline 0.003 -22"><span class='ocrx_word' id='word_1_131' title='bbox 87 1497 227 1580; x_wconf 86' lang='lat' dir='ltr'><strong>expressit</strong></span> <span class='ocrx_word' id='word_1_132' title='bbox 240 1510 272 1559; x_wconf 89' lang='lat' dir='ltr'><strong>ut</strong></span> <span class='ocrx_word' id='word_1_133' title='bbox 285 1493 408 1580; x_wconf 89' lang='lat' dir='ltr'><strong>legentis</strong></span> <span class='ocrx_word' id='word_1_134' title='bbox 421 1515 523 1561; x_wconf 87' lang='lat' dir='ltr'><strong>sensus</strong></span> <span class='ocrx_word' id='word_1_135' title='bbox 540 1495 730 1560; x_wconf 87' lang='lat' dir='ltr'><strong>uehementer</strong></span> <span class='ocrx_word' id='word_1_136' title='bbox 748 1508 953 1561; x_wconf 85' lang='lat' dir='ltr'><strong>commoueret</strong></span> <span class='ocrx_word' id='word_1_137' title='bbox 964 1517 999 1561; x_wconf 90' lang='lat' dir='ltr'><strong>ac</strong></span> <span class='ocrx_word' id='word_1_138' title='bbox 1013 1499 1187 1561; x_wconf 86' lang='lat' dir='ltr'><strong>narrationis</strong></span> 
     </span>
     <span class='ocr_line' id='line_1_16' title="bbox 85 1585 1182 1668; baseline 0.005 -22"><span class='ocrx_word' id='word_1_139' title='bbox 85 1585 261 1668; x_wconf 88' lang='lat' dir='ltr'><strong>grauitatem</strong></span> <span class='ocrx_word' id='word_1_140' title='bbox 283 1598 413 1668; x_wconf 90' lang='lat' dir='ltr'><strong>augeret.</strong></span> <span class='ocrx_word' id='word_1_141' title='bbox 438 1586 554 1648; x_wconf 83' lang='lat' dir='ltr'><strong>Etenim</strong></span> <span class='ocrx_word' id='word_1_142' title='bbox 578 1605 647 1650; x_wconf 89' lang='lat' dir='ltr'><strong>cum</strong></span> <span class='ocrx_word' id='word_1_143' title='bbox 669 1585 846 1668; x_wconf 80' lang='lat' dir='ltr'><strong>Apollonius</strong></span> <span class='ocrx_word' id='word_1_144' title='bbox 863 1585 1070 1650; x_wconf 87' lang='lat' dir='ltr'><strong>tantummodo</strong></span> <span class='ocrx_word' id='word_1_145' title='bbox 1085 1587 1182 1651; x_wconf 89' lang='lat' dir='ltr'><strong>uarios</strong></span> 
     </span>
     <span class='ocr_line' id='line_1_17' title="bbox 85 1673 1183 1760; baseline 0.004 -24"><span class='ocrx_word' id='word_1_146' title='bbox 85 1687 285 1758; x_wconf 84' lang='lat' dir='ltr'><strong>pugnatomm</strong></span> <span class='ocrx_word' id='word_1_147' title='bbox 298 1687 397 1758; x_wconf 88' lang='lat' dir='ltr'><strong>gestus</strong></span> <span class='ocrx_word' id='word_1_148' title='bbox 416 1686 446 1737; x_wconf 92' lang='lat' dir='ltr'><strong>et</strong></span> <span class='ocrx_word' id='word_1_149' title='bbox 463 1673 578 1738; x_wconf 87' lang='lat' dir='ltr'><strong>habitus</strong></span> <span class='ocrx_word' id='word_1_150' title='bbox 596 1693 692 1760; x_wconf 89' lang='lat' dir='ltr'><strong>neque</strong></span> <span class='ocrx_word' id='word_1_151' title='bbox 707 1694 778 1738; x_wconf 93' lang='lat' dir='ltr'><strong>uero</strong></span> <span class='ocrx_word' id='word_1_152' title='bbox 794 1674 870 1738; x_wconf 92' lang='lat' dir='ltr'><strong>ullos</strong></span> <span class='ocrx_word' id='word_1_153' title='bbox 884 1673 944 1738; x_wconf 91' lang='lat' dir='ltr'><strong>lere</strong></span> <span class='ocrx_word' id='word_1_154' title='bbox 958 1674 1048 1738; x_wconf 89' lang='lat' dir='ltr'><strong>animi</strong></span> <span class='ocrx_word' id='word_1_155' title='bbox 1061 1674 1183 1740; x_wconf 84' lang='lat' dir='ltr'><strong>allectus</strong></span> 
     </span>
     <span class='ocr_line' id='line_1_18' title="bbox 85 1763 1180 1848; baseline 0.005 -24"><span class='ocrx_word' id='word_1_156' title='bbox 85 1763 272 1846; x_wconf 83' lang='lat' dir='ltr'><strong>depinxisset,</strong></span> <span class='ocrx_word' id='word_1_157' title='bbox 290 1763 371 1846; x_wconf 90' lang='lat' dir='ltr'><strong>quod</strong></span> <span class='ocrx_word' id='word_1_158' title='bbox 390 1782 459 1826; x_wconf 91' lang='lat' dir='ltr'><strong>sane</strong></span> <span class='ocrx_word' id='word_1_159' title='bbox 478 1782 538 1826; x_wconf 92' lang='lat' dir='ltr'><strong>non</strong></span> <span class='ocrx_word' id='word_1_160' title='bbox 560 1784 577 1827; x_wconf 94' lang='lat' dir='ltr'><strong>a</strong></span> <span class='ocrx_word' id='word_1_161' title='bbox 597 1763 701 1827; x_wconf 87' lang='lat' dir='ltr'><strong>Graeci</strong></span> <span class='ocrx_word' id='word_1_162' title='bbox 715 1777 821 1848; x_wconf 83' lang='lat' dir='ltr'><strong>poetae</strong></span> <span class='ocrx_word' id='word_1_163' title='bbox 835 1764 951 1848; x_wconf 87' lang='lat' dir='ltr'><strong>propria</strong></span> <span class='ocrx_word' id='word_1_164' title='bbox 965 1777 1026 1828; x_wconf 91' lang='lat' dir='ltr'><strong>arte</strong></span> <span class='ocrx_word' id='word_1_165' title='bbox 1049 1763 1180 1844; x_wconf 86' lang='lat' dir='ltr'><strong>dissidet,</strong></span> 
     </span>
     <span class='ocr_line' id='line_1_19' title="bbox 86 1850 1179 1939; baseline 0.004 -25"><span class='ocrx_word' id='word_1_166' title='bbox 86 1851 349 1936; x_wconf 89' lang='lat' dir='ltr'><strong>quotienscumque</strong></span> <span class='ocrx_word' id='word_1_167' title='bbox 363 1850 507 1916; x_wconf 91' lang='lat' dir='ltr'><strong>eiusmodi</strong></span> <span class='ocrx_word' id='word_1_168' title='bbox 520 1871 566 1916; x_wconf 90' lang='lat' dir='ltr'><strong>res</strong></span> <span class='ocrx_word' id='word_1_169' title='bbox 579 1853 698 1936; x_wconf 78' lang='lat' dir='ltr'><strong>pingere</strong></span> <span class='ocrx_word' id='word_1_170' title='bbox 712 1853 864 1916; x_wconf 88' lang='lat' dir='ltr'><strong>constituit</strong></span> <span class='ocrx_word' id='word_1_171' title='bbox 877 1853 1009 1930; x_wconf 86' lang='lat' dir='ltr'><strong>Flaccus,</strong></span> <span class='ocrx_word' id='word_1_172' title='bbox 1020 1851 1179 1939; x_wconf 79' lang='lat' dir='ltr'><strong>Vergilium</strong></span> 
     </span>
     <span class='ocr_line' id='line_1_20' title="bbox 70 1939 1234 2028; baseline -0.002 -25"><span class='ocrx_word' id='word_1_173' title='bbox 70 1953 213 2018; x_wconf 79' lang='lat' dir='ltr'><strong>secutus,</strong></span> <span class='ocrx_word' id='word_1_174' title='bbox 228 1939 370 2004; x_wconf 84' lang='lat' dir='ltr'><strong>intellexit</strong></span> <span class='ocrx_word' id='word_1_175' title='bbox 383 1960 443 2003; x_wconf 90' lang='lat' dir='ltr'><strong>non</strong></span> <span class='ocrx_word' id='word_1_176' title='bbox 461 1940 558 2004; x_wconf 87' lang='lat' dir='ltr'><strong>solum</strong></span> <span class='ocrx_word' id='word_1_177' title='bbox 573 1959 589 2004; x_wconf 94' lang='lat' dir='ltr'><strong>e</strong></span> <span class='ocrx_word' id='word_1_178' title='bbox 602 1941 795 2026; x_wconf 89' lang='lat' dir='ltr'><strong>pugnantium</strong></span> <span class='ocrx_word' id='word_1_179' title='bbox 807 1943 947 2006; x_wconf 91' lang='lat' dir='ltr'><strong>animosis</strong></span> <span class='ocrx_word' id='word_1_180' title='bbox 956 1939 1061 2006; x_wconf 82' lang='lat' dir='ltr'><strong>ictibus</strong></span> <span class='ocrx_word' id='word_1_181' title='bbox 1074 1942 1198 2028; x_wconf 42' lang='lat' dir='ltr'><strong>proelii»,</strong></span> <span class='ocrx_word' id='word_1_182' title='bbox 1228 1993 1234 2001; x_wconf 92' lang='lat'><em>.</em></span> 
     </span>
     <span class='ocr_line' id='line_1_21' title="bbox 84 2027 1251 2112; baseline 0.003 -20"><span class='ocrx_word' id='word_1_183' title='bbox 84 2042 222 2092; x_wconf 89' lang='lat' dir='ltr'><strong>euentum</strong></span> <span class='ocrx_word' id='word_1_184' title='bbox 235 2027 372 2112; x_wconf 88' lang='lat' dir='ltr'><strong>pendere,</strong></span> <span class='ocrx_word' id='word_1_185' title='bbox 388 2028 439 2091; x_wconf 89' lang='lat' dir='ltr'><strong>sed</strong></span> <span class='ocrx_word' id='word_1_186' title='bbox 453 2029 541 2092; x_wconf 88' lang='lat' dir='ltr'><strong>etiam</strong></span> <span class='ocrx_word' id='word_1_187' title='bbox 554 2028 627 2093; x_wconf 89' lang='lat' dir='ltr'><strong>haec</strong></span> <span class='ocrx_word' id='word_1_188' title='bbox 640 2028 716 2094; x_wconf 89' lang='lat' dir='ltr'><strong>lacta</strong></span> <span class='ocrx_word' id='word_1_189' title='bbox 730 2031 857 2093; x_wconf 84' lang='lat' dir='ltr'><strong>narranti</strong></span> <span class='ocrx_word' id='word_1_190' title='bbox 871 2045 987 2112; x_wconf 91' lang='lat' dir='ltr'><strong>poetae,</strong></span> <span class='ocrx_word' id='word_1_191' title='bbox 1003 2031 1028 2093; x_wconf 89' lang='lat' dir='ltr'><strong>si</strong></span> <span class='ocrx_word' id='word_1_192' title='bbox 1046 2051 1109 2094; x_wconf 89' lang='lat' dir='ltr'><strong>rem</strong></span> <span class='ocrx_word' id='word_1_193' title='bbox 1125 2031 1176 2095; x_wconf 86' lang='lat' dir='ltr'><strong>de·</strong></span> <span class='ocrx_word' id='word_1_194' title='bbox 1249 2073 1251 2078; x_wconf 68' lang='lat'><strong>,</strong></span> 
     </span>
     <span class='ocr_line' id='line_1_22' title="bbox 83 2117 1200 2204; baseline 0.002 -22"><span class='ocrx_word' id='word_1_195' title='bbox 83 2138 183 2183; x_wconf 79' lang='lat' dir='ltr'><strong>corate</strong></span> <span class='ocrx_word' id='word_1_196' title='bbox 201 2131 232 2182; x_wconf 93' lang='lat' dir='ltr'><strong>et</strong></span> <span class='ocrx_word' id='word_1_197' title='bbox 244 2130 356 2181; x_wconf 90' lang='lat' dir='ltr'><strong>mentes</strong></span> <span class='ocrx_word' id='word_1_198' title='bbox 368 2117 523 2201; x_wconf 87' lang='lat' dir='ltr'><strong>percellere</strong></span> <span class='ocrx_word' id='word_1_199' title='bbox 534 2118 634 2195; x_wconf 91' lang='lat' dir='ltr'><strong>uellet,</strong></span> <span class='ocrx_word' id='word_1_200' title='bbox 650 2119 781 2184; x_wconf 89' lang='lat' dir='ltr'><strong>oiromm</strong></span> <span class='ocrx_word' id='word_1_201' title='bbox 794 2119 874 2204; x_wconf 92' lang='lat' dir='ltr'><strong>ipsos</strong></span> <span class='ocrx_word' id='word_1_202' title='bbox 894 2139 997 2185; x_wconf 89' lang='lat' dir='ltr'><strong>seusus</strong></span> <span class='ocrx_word' id='word_1_203' title='bbox 1016 2139 1079 2184; x_wconf 89' lang='lat' dir='ltr'><strong>esse</strong></span> <span class='ocrx_word' id='word_1_204' title='bbox 1098 2119 1200 2184; x_wconf 88' lang='lat' dir='ltr'><strong>effin·&#39;&#39;</strong></span> 
     </span>
     <span class='ocr_line' id='line_1_23' title="bbox 83 2203 1021 2292; baseline -0.004 -20"><span class='ocrx_word' id='word_1_205' title='bbox 83 2207 207 2292; x_wconf 87' lang='lat' dir='ltr'><strong>gendos.</strong></span> <span class='ocrx_word' id='word_1_206' title='bbox 223 2208 265 2272; x_wconf 83' lang='lat' dir='ltr'><strong>Ut</strong></span> <span class='ocrx_word' id='word_1_207' title='bbox 277 2207 423 2291; x_wconf 88' lang='lat' dir='ltr'><strong>Vergilius</strong></span> <span class='ocrx_word' id='word_1_208' title='bbox 438 2207 608 2292; x_wconf 86' lang='lat' dir='ltr'><strong>scripserat:</strong></span> <span class='ocrx_word' id='word_1_209' title='bbox 960 2203 963 2212; x_wconf 83' lang='lat'>&#39;</span> <span class='ocrx_word' id='word_1_210' title='bbox 1019 2223 1021 2228; x_wconf 88' lang='lat'>·</span> 
     </span>
    </p>
   </div>
   <div class='ocr_carea' id='block_1_7' title="bbox 262 2341 916 2418">
    <p class='ocr_par' dir='ltr' id='par_1_7' title="bbox 262 2341 916 2418">
     <span class='ocr_line' id='line_1_24' title="bbox 262 2341 916 2418; baseline 0.003 -19"><span class='ocrx_word' id='word_1_211' title='bbox 262 2341 335 2399; x_wconf 87' lang='lat' dir='ltr'><strong>Tum</strong></span> <span class='ocrx_word' id='word_1_212' title='bbox 348 2341 435 2418; x_wconf 92' lang='lat' dir='ltr'><strong>pudor</strong></span> <span class='ocrx_word' id='word_1_213' title='bbox 447 2343 565 2400; x_wconf 88' lang='lat' dir='ltr'><strong>incendit</strong></span> <span class='ocrx_word' id='word_1_214' title='bbox 578 2343 648 2400; x_wconf 90' lang='lat' dir='ltr'><strong>uires</strong></span> <span class='ocrx_word' id='word_1_215' title='bbox 662 2355 689 2400; x_wconf 86' lang='lat' dir='ltr'><strong>ct</strong></span> <span class='ocrx_word' id='word_1_216' title='bbox 703 2346 810 2401; x_wconf 88' lang='lat' dir='ltr'><strong>conscia</strong></span> <span class='ocrx_word' id='word_1_217' title='bbox 824 2345 916 2412; x_wconf 87' lang='lat' dir='ltr'><strong>uirtus,</strong></span> 
     </span>
    </p>
   </div>
   <div class='ocr_carea' id='block_1_8' title="bbox 83 2465 441 2531">
    <p class='ocr_par' dir='ltr' id='par_1_8' title="bbox 83 2465 441 2531">
     <span class='ocr_line' id='line_1_25' title="bbox 83 2465 441 2531; baseline 0.006 -3"><span class='ocrx_word' id='word_1_218' title='bbox 83 2467 124 2528; x_wconf 90' lang='lat' dir='ltr'><strong>ita</strong></span> <span class='ocrx_word' id='word_1_219' title='bbox 137 2485 192 2530; x_wconf 92' lang='lat' dir='ltr'><strong>suo</strong></span> <span class='ocrx_word' id='word_1_220' title='bbox 207 2465 276 2531; x_wconf 90' lang='lat' dir='ltr'><strong>loco</strong></span> <span class='ocrx_word' id='word_1_221' title='bbox 290 2466 441 2530; x_wconf 86' lang='lat' dir='ltr'><strong>Valerius:</strong></span> 
     </span>
    </p>
   </div>
   <div class='ocr_carea' id='block_1_9' title="bbox 263 2587 1003 2720">
    <p class='ocr_par' dir='ltr' id='par_1_9' title="bbox 263 2587 1003 2720">
     <span class='ocr_line' id='line_1_26' title="bbox 263 2587 1003 2665; baseline 0.007 -20"><span class='ocrx_word' id='word_1_222' title='bbox 263 2591 341 2646; x_wconf 86' lang='lat' dir='ltr'><strong>Hunc</strong></span> <span class='ocrx_word' id='word_1_223' title='bbox 355 2587 450 2662; x_wconf 89' lang='lat' dir='ltr'><strong>pudor,</strong></span> <span class='ocrx_word' id='word_1_224' title='bbox 466 2587 536 2646; x_wconf 88' lang='lat' dir='ltr'><strong>hunc</strong></span> <span class='ocrx_word' id='word_1_225' title='bbox 549 2599 616 2647; x_wconf 90' lang='lat' dir='ltr'><strong>noto</strong></span> <span class='ocrx_word' id='word_1_226' title='bbox 629 2594 684 2646; x_wconf 86' lang='lat' dir='ltr'><strong>lam</strong></span> <span class='ocrx_word' id='word_1_227' title='bbox 699 2605 758 2665; x_wconf 88' lang='lat' dir='ltr'><strong>spes</strong></span> <span class='ocrx_word' id='word_1_228' title='bbox 771 2591 912 2649; x_wconf 89' lang='lat' dir='ltr'><strong>audentior</strong></span> <span class='ocrx_word' id='word_1_229' title='bbox 925 2591 1003 2650; x_wconf 87' lang='lat' dir='ltr'><strong>hoste</strong></span> 
     </span>
     <span class='ocr_line' id='line_1_27' title="bbox 265 2660 765 2720; baseline 0 -3"><span class='ocrx_word' id='word_1_230' title='bbox 265 2660 439 2720; x_wconf 71' lang='lat' dir='ltr'><strong>instimulati.</strong></span> <span class='ocrx_word' id='word_1_231' title='bbox 501 2675 503 2678; x_wconf 89' lang='lat'>·</span> <span class='ocrx_word' id='word_1_232' title='bbox 763 2669 765 2671; x_wconf 82' lang='grc'><strong>’</strong></span> 
     </span>
    </p>
   </div>
   <div class='ocr_carea' id='block_1_10' title="bbox 80 2763 1214 2957">
    <p class='ocr_par' dir='ltr' id='par_1_10' title="bbox 80 2763 1214 2957">
     <span class='ocr_line' id='line_1_28' title="bbox 81 2763 1214 2866; baseline 0.004 -22"><span class='ocrx_word' id='word_1_233' title='bbox 81 2781 138 2844; x_wconf 89' lang='lat' dir='ltr'><strong>Sed</strong></span> <span class='ocrx_word' id='word_1_234' title='bbox 152 2781 188 2844; x_wconf 93' lang='lat' dir='ltr'><strong>ad</strong></span> <span class='ocrx_word' id='word_1_235' title='bbox 203 2780 277 2845; x_wconf 89' lang='lat' dir='ltr'><strong>haec</strong></span> <span class='ocrx_word' id='word_1_236' title='bbox 288 2781 424 2844; x_wconf 87' lang='lat' dir='ltr'><strong>libentius</strong></span> <span class='ocrx_word' id='word_1_237' title='bbox 437 2797 549 2866; x_wconf 88' lang='lat' dir='ltr'><strong>spectat</strong></span> <span class='ocrx_word' id='word_1_238' title='bbox 566 2784 706 2860; x_wconf 88' lang='lat' dir='ltr'><strong>imitator,</strong></span> <span class='ocrx_word' id='word_1_239' title='bbox 723 2786 890 2866; x_wconf 86' lang='lat' dir='ltr'><strong>praesertim</strong></span> <span class='ocrx_word' id='word_1_240' title='bbox 909 2785 939 2848; x_wconf 92' lang='lat' dir='ltr'><strong>in</strong></span> <span class='ocrx_word' id='word_1_241' title='bbox 956 2785 1065 2849; x_wconf 91' lang='lat' dir='ltr'><strong>ultimis</strong></span> <span class='ocrx_word' id='word_1_242' title='bbox 1087 2763 1181 2850; x_wconf 36' lang='lat' dir='ltr'><strong>uersi-¹</strong></span> <span class='ocrx_word' id='word_1_243' title='bbox 1211 2765 1214 2770; x_wconf 34' lang='lat'>⁵</span> 
     </span>
     <span class='ocr_line' id='line_1_29' title="bbox 80 2870 1020 2957; baseline 0.004 -25"><span class='ocrx_word' id='word_1_244' title='bbox 80 2870 146 2948; x_wconf 87' lang='lat' dir='ltr'><strong>bus,</strong></span> <span class='ocrx_word' id='word_1_245' title='bbox 163 2889 231 2933; x_wconf 91' lang='lat' dir='ltr'><strong>cum</strong></span> <span class='ocrx_word' id='word_1_246' title='bbox 243 2871 373 2954; x_wconf 77' lang='lat' dir='ltr'><strong>Amycus</strong></span> <span class='ocrx_word' id='word_1_247' title='bbox 387 2870 560 2956; x_wconf 86' lang='lat' dir='ltr'><strong>defatigatus</strong></span> <span class='ocrx_word' id='word_1_248' title='bbox 574 2871 611 2935; x_wconf 93' lang='lat' dir='ltr'><strong>ad</strong></span> <span class='ocrx_word' id='word_1_249' title='bbox 624 2891 778 2957; x_wconf 88' lang='lat' dir='ltr'><strong>supremos</strong></span> <span class='ocrx_word' id='word_1_250' title='bbox 792 2887 916 2937; x_wconf 90' lang='lat' dir='ltr'><strong>conatus</strong></span> <span class='ocrx_word' id='word_1_251' title='bbox 929 2876 1020 2938; x_wconf 88' lang='lat' dir='ltr'><strong>uenit.</strong></span> 
     </span>
    </p>
   </div>
   <div class='ocr_carea' id='block_1_11' title="bbox 260 2993 990 3224">
    <p class='ocr_par' dir='ltr' id='par_1_11' title="bbox 260 2993 990 3224">
     <span class='ocr_line' id='line_1_30' title="bbox 261 2993 935 3073; baseline 0.003 -20"><span class='ocrx_word' id='word_1_252' title='bbox 261 2993 342 3053; x_wconf 90' lang='lat' dir='ltr'><strong>illum</strong></span> <span class='ocrx_word' id='word_1_253' title='bbox 356 2995 486 3069; x_wconf 84' lang='lat' dir='ltr'><strong>insperata</strong></span> <span class='ocrx_word' id='word_1_254' title='bbox 499 2997 634 3052; x_wconf 88' lang='lat' dir='ltr'><strong>turbatum</strong></span> <span class='ocrx_word' id='word_1_255' title='bbox 647 2995 738 3053; x_wconf 84' lang='lat' dir='ltr'><strong>iraude</strong></span> <span class='ocrx_word' id='word_1_256' title='bbox 751 2996 935 3073; x_wconf 80' lang='lat' dir='ltr'><strong>furentemque</strong></span> 
     </span>
     <span class='ocr_line' id='line_1_31' title="bbox 264 3065 878 3140; baseline -0.003 -16"><span class='ocrx_word' id='word_1_257' title='bbox 264 3065 407 3124; x_wconf 84' lang='lat' dir='ltr'><strong>Oebalides</strong></span> <span class='ocrx_word' id='word_1_258' title='bbox 421 3070 507 3139; x_wconf 83' lang='lat' dir='ltr'><strong>prima</strong></span> <span class='ocrx_word' id='word_1_259' title='bbox 521 3065 619 3140; x_wconf 80' lang='lat' dir='ltr'><strong>resurgit</strong></span> <span class='ocrx_word' id='word_1_260' title='bbox 631 3066 696 3123; x_wconf 91' lang='lat' dir='ltr'><strong>duru</strong></span> <span class='ocrx_word' id='word_1_261' title='bbox 708 3069 816 3124; x_wconf 86' lang='lat' dir='ltr'><strong>detonet</strong></span> <span class='ocrx_word' id='word_1_262' title='bbox 831 3070 878 3136; x_wconf 90' lang='lat' dir='ltr'><strong>lra,</strong></span> 
     </span>
     <span class='ocr_line' id='line_1_32' title="bbox 260 3136 990 3224; baseline 0.007 -31"><span class='ocrx_word' id='word_1_263' title='bbox 260 3136 380 3193; x_wconf 86' lang='lat' dir='ltr'><strong>Territus</strong></span> <span class='ocrx_word' id='word_1_264' title='bbox 392 3139 448 3210; x_wconf 85' lang='lat' dir='ltr'><strong>lpse</strong></span> <span class='ocrx_word' id='word_1_265' title='bbox 461 3140 542 3194; x_wconf 86' lang='lat' dir='ltr'><strong>etlam</strong></span> <span class='ocrx_word' id='word_1_266' title='bbox 555 3148 633 3224; x_wconf 88' lang='lat' dir='ltr'><strong>atque</strong></span> <span class='ocrx_word' id='word_1_267' title='bbox 647 3139 761 3211; x_wconf 80' lang='lat' dir='ltr'><strong>ingentis</strong></span> <span class='ocrx_word' id='word_1_268' title='bbox 775 3142 897 3196; x_wconf 80' lang='lat' dir='ltr'><strong>conscius</strong></span> <span class='ocrx_word' id='word_1_269' title='bbox 909 3141 990 3198; x_wconf 75' lang='lat' dir='ltr'><strong>ausll.</strong></span> 
     </span>
    </p>
   </div>
   <div class='ocr_carea' id='block_1_12' title="bbox 76 3259 1233 3882">
    <p class='ocr_par' dir='ltr' id='par_1_12' title="bbox 76 3259 1233 3882">
     <span class='ocr_line' id='line_1_33' title="bbox 79 3259 1175 3348; baseline 0.006 -26"><span class='ocrx_word' id='word_1_270' title='bbox 79 3259 186 3322; x_wconf 91' lang='lat' dir='ltr'><strong>Omnis</strong></span> <span class='ocrx_word' id='word_1_271' title='bbox 199 3259 271 3323; x_wconf 92' lang='lat' dir='ltr'><strong>haec</strong></span> <span class='ocrx_word' id='word_1_272' title='bbox 283 3279 349 3343; x_wconf 88' lang='lat' dir='ltr'><strong>pars</strong></span> <span class='ocrx_word' id='word_1_273' title='bbox 363 3261 517 3343; x_wconf 89' lang='lat' dir='ltr'><strong>poematis,</strong></span> <span class='ocrx_word' id='word_1_274' title='bbox 533 3260 582 3325; x_wconf 91' lang='lat' dir='ltr'><strong>ubi</strong></span> <span class='ocrx_word' id='word_1_275' title='bbox 600 3260 691 3324; x_wconf 88' lang='lat' dir='ltr'><strong>multa</strong></span> <span class='ocrx_word' id='word_1_276' title='bbox 712 3261 875 3345; x_wconf 80' lang='lat' dir='ltr'><strong>Apollonio</strong></span> <span class='ocrx_word' id='word_1_277' title='bbox 899 3277 929 3327; x_wconf 92' lang='lat' dir='ltr'><strong>et</strong></span> <span class='ocrx_word' id='word_1_278' title='bbox 945 3264 1075 3348; x_wconf 87' lang='lat' dir='ltr'><strong>Vergilio</strong></span> <span class='ocrx_word' id='word_1_279' title='bbox 1089 3264 1175 3329; x_wconf 89' lang='lat' dir='ltr'><strong>debet</strong></span> 
     </span>
     <span class='ocr_line' id='line_1_34' title="bbox 79 3347 1233 3444; baseline 0.008 -35"><span class='ocrx_word' id='word_1_280' title='bbox 79 3347 169 3411; x_wconf 83' lang='lat' dir='ltr'><strong>mixta</strong></span> <span class='ocrx_word' id='word_1_281' title='bbox 184 3362 214 3416; x_wconf 88' lang='lat' dir='ltr'><strong>et</strong></span> <span class='ocrx_word' id='word_1_282' title='bbox 225 3349 323 3412; x_wconf 90' lang='lat' dir='ltr'><strong>denuo</strong></span> <span class='ocrx_word' id='word_1_283' title='bbox 335 3362 501 3429; x_wconf 86' lang='lat' dir='ltr'><strong>retractata,</strong></span> <span class='ocrx_word' id='word_1_284' title='bbox 517 3349 624 3414; x_wconf 87' lang='lat' dir='ltr'><strong>Valerii</strong></span> <span class='ocrx_word' id='word_1_285' title='bbox 642 3349 793 3434; x_wconf 87' lang='lat' dir='ltr'><strong>ingenium</strong></span> <span class='ocrx_word' id='word_1_286' title='bbox 806 3351 911 3436; x_wconf 85' lang='lat' dir='ltr'><strong>probat</strong></span> <span class='ocrx_word' id='word_1_287' title='bbox 924 3372 970 3417; x_wconf 87' lang='lat' dir='ltr'><strong>res</strong></span> <span class='ocrx_word' id='word_1_288' title='bbox 984 3367 1173 3440; x_wconf 82' lang='lat' dir='ltr'><strong>expromptas</strong></span> <span class='ocrx_word' id='word_1_289' title='bbox 1229 3438 1233 3444; x_wconf 18' lang='lat'>⁵</span> 
     </span>
     <span class='ocr_line' id='line_1_35' title="bbox 79 3449 1182 3615; baseline 0.003 -27"><span class='ocrx_word' id='word_1_290' title='bbox 79 3449 828 3610; x_wconf 52' lang='lat' dir='ltr'><strong>egdeagelqlitl:ndallllrlrnlldleallllllllnmmldtmeollaglllllllllit</strong></span> <span class='ocrx_word' id='word_1_291' title='bbox 844 3531 926 3615; x_wconf 91' lang='lat' dir='ltr'><strong>quod</strong></span> <span class='ocrx_word' id='word_1_292' title='bbox 942 3529 1004 3595; x_wconf 93' lang='lat' dir='ltr'><strong>eius</strong></span> <span class='ocrx_word' id='word_1_293' title='bbox 1022 3531 1053 3595; x_wconf 89' lang='lat' dir='ltr'><strong>io</strong></span> <span class='ocrx_word' id='word_1_294' title='bbox 1073 3531 1182 3596; x_wconf 40' lang='lat' dir='ltr'><strong>animo,</strong></span> 
     </span>
     <span class='ocr_line' id='line_1_36' title="bbox 77 3613 1175 3703; baseline 0.005 -25"><span class='ocrx_word' id='word_1_295' title='bbox 77 3615 230 3678; x_wconf 89' lang='lat' dir='ltr'><strong>conditum</strong></span> <span class='ocrx_word' id='word_1_296' title='bbox 246 3613 369 3679; x_wconf 80' lang='lat' dir='ltr'><strong>feliciter</strong></span> <span class='ocrx_word' id='word_1_297' title='bbox 385 3629 502 3679; x_wconf 90' lang='lat' dir='ltr'><strong>auctum</strong></span> <span class='ocrx_word' id='word_1_298' title='bbox 521 3630 717 3703; x_wconf 86' lang='lat' dir='ltr'><strong>ornatumque</strong></span> <span class='ocrx_word' id='word_1_299' title='bbox 731 3619 838 3682; x_wconf 91' lang='lat' dir='ltr'><strong>euadit.</strong></span> <span class='ocrx_word' id='word_1_300' title='bbox 854 3619 959 3683; x_wconf 89' lang='lat' dir='ltr'><strong>Nonne</strong></span> <span class='ocrx_word' id='word_1_301' title='bbox 974 3619 1106 3684; x_wconf 89' lang='lat' dir='ltr'><strong>meminit</strong></span> <span class='ocrx_word' id='word_1_302' title='bbox 1120 3619 1175 3684; x_wconf 78' lang='lat' dir='ltr'><strong>lli·</strong></span> 
     </span>
     <span class='ocr_line' id='line_1_37' title="bbox 76 3703 1172 3794; baseline 0.007 -28"><span class='ocrx_word' id='word_1_303' title='bbox 76 3703 150 3780; x_wconf 90' lang='lat' dir='ltr'><strong>seni,</strong></span> <span class='ocrx_word' id='word_1_304' title='bbox 159 3718 279 3790; x_wconf 91' lang='lat' dir='ltr'><strong>propter</strong></span> <span class='ocrx_word' id='word_1_305' title='bbox 292 3703 470 3790; x_wconf 86' lang='lat' dir='ltr'><strong>impietatem</strong></span> <span class='ocrx_word' id='word_1_306' title='bbox 479 3726 497 3769; x_wconf 88' lang='lat' dir='ltr'><strong>a</strong></span> <span class='ocrx_word' id='word_1_307' title='bbox 505 3703 574 3769; x_wconf 89' lang='lat' dir='ltr'><strong>Deis</strong></span> <span class='ocrx_word' id='word_1_308' title='bbox 582 3705 699 3791; x_wconf 89' lang='lat' dir='ltr'><strong>perditi,</strong></span> <span class='ocrx_word' id='word_1_309' title='bbox 709 3726 778 3770; x_wconf 90' lang='lat' dir='ltr'><strong>cum</strong></span> <span class='ocrx_word' id='word_1_310' title='bbox 787 3705 928 3792; x_wconf 80' lang='lat' dir='ltr'><strong>Cyzicum</strong></span> <span class='ocrx_word' id='word_1_311' title='bbox 936 3705 1031 3794; x_wconf 78' lang='lat' dir='ltr'><strong>tingit.</strong></span> <span class='ocrx_word' id='word_1_312' title='bbox 1042 3705 1172 3774; x_wconf 82' lang='lat' dir='ltr'><strong>offensae</strong></span> 
     </span>
     <span class='ocr_line' id='line_1_38' title="bbox 76 3791 1182 3882; baseline 0.007 -25"><span class='ocrx_word' id='word_1_313' title='bbox 76 3791 201 3879; x_wconf 81' lang='lat' dir='ltr'><strong>Cybeles</strong></span> <span class='ocrx_word' id='word_1_314' title='bbox 228 3792 376 3880; x_wconf 88' lang='lat' dir='ltr'><strong>occisique</strong></span> <span class='ocrx_word' id='word_1_315' title='bbox 403 3792 509 3875; x_wconf 90' lang='lat' dir='ltr'><strong>leonis,</strong></span> <span class='ocrx_word' id='word_1_316' title='bbox 533 3796 612 3860; x_wconf 86' lang='lat' dir='ltr'><strong>Deae</strong></span> <span class='ocrx_word' id='word_1_317' title='bbox 638 3794 789 3876; x_wconf 82' lang='lat' dir='ltr'><strong>carissimi,</strong></span> <span class='ocrx_word' id='word_1_318' title='bbox 811 3817 939 3882; x_wconf 87' lang='lat' dir='ltr'><strong>poenam</strong></span> <span class='ocrx_word' id='word_1_319' title='bbox 965 3797 1182 3880; x_wconf 63' lang='lat' dir='ltr'><strong>soluentemll</strong></span> 
     </span>
    </p>
   </div>
   <div class='ocr_carea' id='block_1_13' title="bbox 76 3971 1161 4066">
    <p class='ocr_par' dir='ltr' id='par_1_13' title="bbox 76 3971 1161 4066">
     <span class='ocr_line' id='line_1_39' title="bbox 76 3971 1161 4066; baseline 0.013 -26"><span class='ocrx_word' id='word_1_320' title='bbox 76 4031 77 4034; x_wconf 66' lang='lat'><strong>,</strong></span> <span class='ocrx_word' id='word_1_321' title='bbox 103 3997 226 4044; x_wconf 67' lang='lat' dir='ltr'><strong>aveamus</strong></span> <span class='ocrx_word' id='word_1_322' title='bbox 242 4000 333 4056; x_wconf 69' lang='lat' dir='ltr'><strong>Aegae..</strong></span> <span class='ocrx_word' id='word_1_323' title='bbox 349 4000 377 4055; x_wconf 74' lang='lat' dir='ltr'><strong>V,</strong></span> <span class='ocrx_word' id='word_1_324' title='bbox 392 4011 432 4058; x_wconf 64' lang='lat' dir='ltr'><strong>cop</strong></span> <span class='ocrx_word' id='word_1_325' title='bbox 445 4001 598 4060; x_wconf 68' lang='lat' dir='ltr'><strong>sqq-Vea-</strong></span> <span class='ocrx_word' id='word_1_326' title='bbox 677 4003 1101 4066; x_wconf 64' lang='lat' dir='ltr'><strong>q.An.,v.455.-awa.,tv,asa</strong></span> <span class='ocrx_word' id='word_1_327' title='bbox 1158 3971 1161 3978; x_wconf 33' lang='grc' dir='ltr'>Ι</span> 
     </span>
    </p>
   </div>
   <div class='ocr_carea' id='block_1_14' title="bbox 75 4051 1178 4234">
    <p class='ocr_par' dir='ltr' id='par_1_14' title="bbox 75 4051 1178 4234">
     <span class='ocr_line' id='line_1_40' title="bbox 75 4051 1177 4231; baseline 0.051 -69"><span class='ocrx_word' id='word_1_328' title='bbox 75 4051 533 4231; x_wconf 55' lang='lat' dir='ltr'><strong>:illalll&#39;vlrlllsllln-Avannl</strong></span> <span class='ocrx_word' id='word_1_329' title='bbox 549 4126 597 4183; x_wconf 60' lang='lat' dir='ltr'><strong>ss*</strong></span> <span class='ocrx_word' id='word_1_330' title='bbox 674 4083 990 4224; x_wconf 46' lang='lat' dir='ltr'><strong>{ffldllllll’alm</strong></span> <span class='ocrx_word' id='word_1_331' title='bbox 1016 4165 1093 4221; x_wconf 75' lang='lat' dir='ltr'><strong>rna·</strong></span> <span class='ocrx_word' id='word_1_332' title='bbox 1174 4177 1177 4184; x_wconf 91' lang='lat'>·</span> 
     </span>
     <span class='ocr_line' id='line_1_41' title="bbox 403 4179 1178 4234; baseline 0.052 -10"><span class='ocrx_word' id='word_1_333' title='bbox 403 4217 404 4224; x_wconf 49' lang='lat' dir='ltr'><strong>r</strong></span> <span class='ocrx_word' id='word_1_334' title='bbox 461 4212 463 4218; x_wconf 71' lang='grc'><em>’</em></span> <span class='ocrx_word' id='word_1_335' title='bbox 573 4225 578 4234; x_wconf 82' lang='grc'><strong>.</strong></span> <span class='ocrx_word' id='word_1_336' title='bbox 689 4193 696 4208; x_wconf 44' lang='lat' dir='ltr'><strong>l</strong></span> <span class='ocrx_word' id='word_1_337' title='bbox 751 4194 758 4208; x_wconf 45' lang='lat'><strong>⁹</strong></span> <span class='ocrx_word' id='word_1_338' title='bbox 865 4196 872 4211; x_wconf 79' lang='lat'><strong><em>¹</em></strong></span> <span class='ocrx_word' id='word_1_339' title='bbox 991 4195 1008 4221; x_wconf 45' lang='lat' dir='ltr'><strong>l,</strong></span> <span class='ocrx_word' id='word_1_340' title='bbox 1088 4179 1178 4227; x_wconf 28' lang='grc' dir='ltr'>λῃ...</span> 
     </span>
    </p>
   </div>
   <div class='ocr_carea' id='block_1_15' title="bbox 645 4441 658 4478">
    <p class='ocr_par' dir='ltr' id='par_1_15' title="bbox 645 4441 658 4478">
     <span class='ocr_line' id='line_1_42' title="bbox 645 4441 658 4478; baseline 0 0"><span class='ocrx_word' id='word_1_341' title='bbox 645 4441 658 4478; x_wconf 76' lang='lat' dir='ltr'><strong>d</strong></span> 
     </span>
    </p>
   </div>
   <div class='ocr_carea' id='block_1_16' title="bbox 0 0 1490 4802">
    <p class='ocr_par' dir='ltr' id='par_1_16' title="bbox 0 0 1490 4802">
     <span class='ocr_line' id='line_1_43' title="bbox 0 0 1490 4802; baseline 0 5"><span class='ocrx_word' id='word_1_342' title='bbox 0 0 1490 4802; x_wconf 95' lang='lat' dir='ltr'><strong> </strong></span> 
     </span>
    </p>
   </div>
  </div>
 </body>
</html>
