2970 4802
534 284 773 355 -.03..

102 415 189 490 Quae
203 415 466 498 igituriniiedeae
480 415 689 500 fabulaaugeri
704 429 734 478 et
747 413 860 479 dilatari
875 429 904 479 et
918 415 1029 500 largam
1051 416 1204 479 materiam
1321 481 1322 486 χ

103 503 239 588 praebere
252 518 398 587 poterant,
413 526 448 570 ea
461 506 649 589 potissimum
662 503 771 590 elegit;
785 518 816 567 at
829 517 909 567 certe
922 524 983 568 non
998 505 1066 568 itan
1081 504 1203 569 ueritate

104 606 136 655 ut
148 605 258 656 temere
271 593 431 680 iniuriaque
445 593 578 658 nonnulli
591 591 807 657 contendemnt
829 593 999 672 abhorruit3
1025 613 1093 656 nam
1114 593 1202 678 uirgi-

103 680 147 744 nis
159 679 303 765 pudorem
316 683 425 746 sensim
438 681 467 746 in
481 683 616 746 ardorem
630 700 748 745 uersum
763 680 985 767 diligentissime
999 681 1141 766 depinxit.

143 769 252 854 Utique
264 787 370 854 magna
383 768 447 834 laus
460 769 578 836 Valerio
597 770 750 834 tribuenda
768 782 812 832 est
830 770 911 855 quod
925 771 1036 834 Iasonis
1049 788 1201 855 personam
1320 803 1324 812 ·

103 855 224 943 pulchre
236 860 437 924 retraetauerit
457 875 486 924 et
504 881 583 926 noua
601 873 700 923 mente
719 859 865 944 nouisque
885 859 974 924 animi
992 859 1121 924 motibus
1134 857 1203 923 alie-

104 947 176 1011 eerit
188 960 219 1010 et
232 966 324 1032 prope
341 947 458 1032 dignam
477 947 631 1033 protulerit
646 966 725 1032 ¹quae
742 967 829 1032 supra
848 949 944 1034 ipsum
963 952 1082 1013 Aenean
1095 948 1125 1012 in
1139 948 1203 1032 qui·
1268 983 1272 994 ·
1299 998 1304 1007 .

103 1035 226 1098 busdam
247 1035 333 1099 rebus
355 1035 553 1101 extolleretur.
578 1037 719 1100 Ceterum
747 1055 851 1099 omnes
877 1035 943 1100 illae
969 1038 1129 1121 primarum
1154 1035 1201 1100 uel
1238 1073 1240 1078 ·
1294 1079 1302 1088 -

103 1124 297 1187 secundarum
315 1125 439 1207 partium
457 1123 572 1189 effictae
591 1142 733 1210 personae
751 1123 789 1188 ad
806 1143 913 1209 magna
927 1125 1058 1190 nituntur
1074 1138 1105 1188 et
1118 1144 1201 1188 com·

103 1231 207 1274 munes
226 1212 370 1275 hnmanae
391 1227 510 1276 naturae
530 1211 602 1276 lines
623 1212 891 1298 supergrediuntur.
906 1213 1019 1276 Omnia
1033 1213 1113 1276 enim
1128 1232 1202 1296 quae

103 1296 224 1364 heroem
241 1301 278 1363 ad
296 1297 423 1364 hominis
441 1302 570 1365 cuiusuis
589 1300 796 1364 condicionem
814 1301 948 1388 redigant
962 1301 1070 1366 obterit
1084 1314 1115 1364 et
1129 1321 1203 1385 quo-
1300 1382 1305 1387 ι

102 1389 263 1452 dammodo
276 1389 402 1468 omittit3
413 1409 479 1452 nam
489 1409 567 1468 raro,
577 1391 671 1453 immo
681 1408 840 1475 numquam
851 1389 888 1452 de
899 1390 1023 1454 consiliu
1033 1390 1202 1453 haerentem

101 1477 150 1539 uel
161 1475 310 1561 lugentem
324 1477 407 1540 finxit
421 1479 570 1556 iasonem3
585 1497 681 1563 neque
695 1496 767 1540 nero
780 1477 896 1554 Medea,
912 1490 944 1540 nt
959 1475 1203 1560 iamsignifieaui·

79 1635 82 1638 ,
100 1583 178 1643 mus,
189 1563 252 1628 sola
265 1563 387 1628 infelicis
396 1578 426 1629 et
439 1563 629 1630 uehementer
636 1562 806 1630 exturbatae
818 1564 944 1628 feminae
958 1564 1055 1650 speeie
1068 1576 1198 1650 apparet.

99 1652 139 1716 lit
153 1650 258 1716 heroes
271 1651 312 1716 illi
328 1671 388 1716 oon
401 1653 498 1717 solum
513 1653 614 1717 intima
627 1652 658 1717 ni
670 1651 788 1736 impulsi
801 1665 830 1715 et
840 1652 1022 1718 constantiae
1032 1672 1102 1718 suae
1110 1653 1200 1716 innixi

99 1740 151 1805 sed
171 1739 302 1804 Deorum
321 1741 411 1804 etiam
431 1741 543 1804 nomini
564 1740 700 1806 cedentes
721 1739 769 1804 uel
790 1741 988 1818 aduersantes,
1002 1739 1046 1804 vacl
1070 1740 1157 1805 sortia
1170 1753 1201 1804 et
1241 1796 1245 1806 .

100 1847 207 1911 magus
224 1842 254 1892 et
273 1825 417 1892 horrenda
437 1847 497 1893 non
517 1827 580 1893 sine
574 1827 727 1980 '‘puadam
751 1827 903 1892 ferocitate
925 1841 1081 1895 conantur.
1104 1827 1200 1912 Spirat
1304 1849 1306 1852 ·

99 1915 191 2000 igitur
209 1913 352 2000 magicum
372 1915 422 1981 ilia
441 1915 551 2001 poesis,
643 1917 844 2000 utnusquam
860 1915 968 1980 eximia
984 1913 1133 2000 Apollonii
1152 1933 1199 1979 ers

102 2021 220 2067 morum
233 2003 386 2084 ueritatem
398 2004 547 2070 obsernat.
902 2003 904 2007 ’
