2996 4792
538 253 754 323 „,5..

309 382 373 438 Inde
386 381 512 439 Genetaei
527 397 620 455 rupem
632 383 715 448 Iouis,
731 379 794 436 hlnc
807 379 970 436 Tibarenum

309 455 379 506 Dant
393 455 490 510 ultldes
502 465 562 526 post
575 464 649 524 terga
663 451 744 517 lacus,
760 451 805 505 uhl
818 451 909 506 deside
924 454 1002 507 mltra

309 522 371 576 Feta
385 521 449 595 ligat
462 535 589 597 partuque
604 527 692 577 uirum
708 520 782 575 louet
795 520 852 592 ipsa
864 521 962 578 soluto.

308 591 364 647 Vos
378 609 484 667 quoque
497 609 552 649 non
566 607 645 648 notae
656 593 747 646 mirati
760 589 819 646 uela
834 592 938 646 carime

311 663 440 736 Mossyni,
456 677 506 719 uos
515 675 541 718 et
553 660 661 718 stabulis
675 662 815 718 Macrones
827 662 860 716 ab
873 661 934 718 altis

312 735 474 820 Byzeresque
488 736 549 806 uagi
564 731 739 805 Philyraeque
753 746 769 785 a
783 734 893 788 nomine
907 733 977 788 dicta

308 805 407 872 Litora,
423 820 489 879 quae
503 819 587 860 cornu
601 801 702 876 pepulit
715 804 844 860 Saturnus
858 805 983 878 equium.

141 981 196 1044 llic
216 979 294 1044 lucet
314 981 415 1064 ingens
434 953 548 1046 dcendi
567 981 613 1044 uis
630 993 660 1044 et
673 981 770 1062 grauis
784 979 870 1044 simul
883 994 913 1042 et
927 959 1070 1044 concinna
1083 981 1190 1047 oratio.
1295 1050 1301 1060 ¹

102 1073 145 1133 De
167 1071 272 1150 ignaua
290 1069 502 1133 Tibarenorum
525 1071 622 1156 quiete
642 1087 735 1151 pauca
755 1069 854 1154 eloqui
872 1089 933 1132 non
952 1068 1104 1144 dubitauit,
1125 1071 1193 1155 quia

102 1157 227 1240 eleganti
247 1171 276 1220 et
295 1156 392 1223 laceto
412 1159 480 1223 stilo
496 1177 569 1243 quae
587 1156 703 1240 illepida
722 1156 818 1220 lutura
832 1171 912 1220 erant
927 1158 1149 1222 commendabat
1163 1172 1193 1221 et
1271 1239 1273 1244 Ι
1322 1145 1333 1157 ’

102 1247 150 1310 hic
167 1244 251 1308 fache
271 1248 422 1310 materiem
441 1247 536 1310 lorma
555 1265 690 1329 superare
714 1259 849 1330 poterat;
869 1246 920 1308 sed
937 1266 1008 1309 mox
1021 1247 1077 1309 hos
1091 1265 1193 1310 uersus

101 1355 183 1399 nouo
202 1334 310 1398 lumine
331 1333 479 1400 decorauit
501 1336 621 1419 pulchra
638 1333 686 1398 illa
704 1335 802 1420 imago
816 1334 907 1398 diuini
925 1335 993 1418 equi
1011 1334 1202 1400 exsultantia..

34 1481 37 1488 .
102 1427 140 1488 ht
154 1425 240 1488 rudes
256 1437 285 1488 et
297 1425 378 1488 saeui
391 1428 599 1510 Mossynorum
614 1442 712 1488 mores
725 1421 828 1488 sedulo
842 1422 1015 1489 obteruntur
1030 1437 1060 1488 et
1073 1426 1193 1509 paulum
1220 1501 1222 1506 ¹
1333 1451 1339 1458 ·

102 1516 182 1578 abest
197 1516 266 1599 quin
280 1515 365 1598 plane
379 1515 650 1599 praetermittantur.

141 1607 218 1667 Dum
242 1618 340 1668 autem
361 1605 507 1669 Valerium
531 1604 764 1668 demonstramus
792 1623 853 1666 non
880 1601 1003 1666 libenter
1028 1603 1064 1668 ad
1090 1623 1193 1668 uerum

79 1703 80 1707 ’
102 1692 255 1756 hominum
277 1712 374 1757 mores
395 1693 570 1777 depinxisse,
592 1693 643 1756 sed
664 1713 779 1776 semper
799 1695 828 1755 in
842 1691 995 1756 scribendo
1015 1692 1194 1776 splendidam
1256 1771 1258 1778 Ι

102 1782 256 1865 quandam,
273 1802 492 1866 nonnumquam
507 1782 594 1844 etiam
609 1781 734 1844 lutatam
744 1781 988 1864 pulchritudinem
998 1783 1192 1860 all'ectauissc,

101 1869 222 1932 forsitan
237 1871 322 1933 nobis
335 1871 478 1933 obiciatur
497 1871 593 1932 omnis
613 1869 660 1932 illa
679 1890 744 1952 pars
760 1871 867 1952 operis,
884 1889 951 1953 qna,
965 1869 1114 1952 Apollonii
1128 1891 1196 1934 ues-

102 1960 172 2041 tigia
185 1959 319 2021 deserere
332 1971 362 2022 et
375 1979 467 2021 nouas
482 1977 527 2020 res
540 1959 681 2043 attingere
694 1976 794 2032 ausus,
809 1957 931 2039 Scythas
940 1959 1040 2042 cisque
1052 1959 1193 2022 finitimos

67 2079 72 2086 ·
102 2050 228 2132 populos
243 2049 356 2112 induxit
370 2063 399 2112 et
414 2069 430 2111 e
442 2049 550 2130 longae
558 2051 659 2110 aetatis
668 2050 793 2111 tenchr'u
803 2050 935 2111 extraxit.
946 2051 1104 2132 Postquam
1114 2051 1193 2112 enim

67 2147 73 2156 '
101 2139 187 2200 lason
207 2129 389 2200 Colchorum
413 2136 484 2198 fines
506 2137 653 2220 ingressus
676 2150 732 2212 est,
756 2135 836 2198 audit
861 2135 963 2220 ingens
988 2135 1097 2200 bellum
1119 2138 1194 2199 inter
1259 2167 1277 2183 *-

100 2226 211 2288 Aeeten
233 2239 263 2289 et
283 2228 389 2288 Persen
409 2226 541 2302 moueri;
563 2243 631 2288 cum
652 2238 750 2287 autern
772 2224 871 2299 heros,
891 2224 980 2288 sociis
1001 2223 1191 2300 adstantibus,

101 2333 221 2377 aureum
234 2313 328 2377 uellus
341 2334 358 2375 a
373 2333 441 2398 rege
455 2327 488 2376 ut
505 2315 630 2397 patrium
648 2313 760 2377 bonum
778 2314 901 2376 comiter
918 2314 1002 2396 petit,
1024 2313 1071 2376 hic
1088 2314 1194 2377 fatetur
1240 2309 1244 2314 ’

102 2417 226 2486 quantae
240 2402 417 2464 calamitates
431 2402 484 2465 sibi
498 2403 637 2485 gentique
645 2421 715 2464 suae
726 2402 906 2477 immineant,
919 2414 948 2463 et
956 2414 1096 2485 quantum
1105 2403 1194 2474 tirnof

102 2510 161 2554 rent
177 2491 368 2553 esaeuissimi
381 2490 475 2554 fratris
490 2489 560 2554 odio
570 2491 632 2573 ipse
642 2491 781 2574 percipiat
791 2513 799 2567 ;
810 2490 914 2553 deinde
923 2503 1008 2575 rogat
1018 2509 1088 2554 num
1098 2492 1194 2575 Argo-

102 2579 195 2641 nautis
216 2579 339 2662 placeat,
361 2579 386 2642 si
407 2578 528 2642 Colchis
552 2580 591 2666 in
606 2580 664 2642 hoc
685 2578 815 2662 periculo
836 2599 923 2662 opens
945 2579 1048 2653 lerant,
1070 2599 1192 2642 aureum
1253 2591 1256 2599 '

103 2667 195 2730 uellus
210 2681 242 2730 ut
255 2669 327 2731 tanti
342 2667 437 2730 meriti
456 2686 562 2729 mutnus
581 2669 739 2750 accipere’.
762 2668 857 2745 Tunc,
878 2667 988 2730 uiribus
1006 2667 1067 2731 suis
1081 2682 1110 2731 ct
1124 2668 1194 2731 For·

102 2769 171 2818 tuna
193 2756 296 2832 fretus,
320 2756 412 2819 laudis
435 2756 556 2840 cupidus
581 2757 693 2819 iuuenis
717 2756 857 2818 auxilium
882 2756 941 2840 regi
965 2757 1101 2838 spondet.
1125 2755 1193 2819 inde

102 2845 210 2908 atrocia
218 2844 304 2920 bella,
315 2847 345 2908 in
354 2865 428 2930 quae
438 2846 602 2928 irrumpunt
611 2846 738 2929 undique
750 2843 873 2908 Barbari.
887 2845 979 2920 Quod
988 2859 1193 2928 argumentum

102 2949 302 3016 opportunum
323 2950 385 2997 erat
409 2933 597 3018 depingendis
617 2935 749 3018 gentium
770 2932 920 3011 moribns;
944 2952 1039 3018 neque
1062 2934 1193 2997 enimin
1284 2967 1290 2978 s

102 3019 159 3085 hoc
178 3022 326 3085 Valerium
345 3043 391 3085 ars
412 3042 464 3086 sua
483 3020 603 3100 leiellit;
617 3021 732 3086 ueritati
747 3021 858 3086 accedit
872 3021 942 3085 dum
958 3041 991 3084 ea
1005 3023 1192 3104 potissimum
1305 3091 1310 3104 ⁸
1343 3079 1346 3086 ,

103 3109 182 3193 eligit
202 3131 276 3194 quae
294 3115 420 3194 ingentia
435 3125 465 3174 et
479 3110 629 3194 splendida
642 3111 805 3174 uideantur.
821 3110 879 3175 Sed
892 3111 932 3174 ibi
948 3130 1066 3196 quoque
1080 3111 1193 3175 intelle·

101 3219 169 3281 gere
183 3199 250 3262 licet
264 3213 382 3282 poetam
396 3200 489 3284 magis
503 3199 538 3262 ad
550 3199 706 3263 hominum
720 3218 817 3262 mores
832 3219 919 3284 quam
936 3199 972 3262 ad
985 3201 1083 3263 uanos
1097 3201 1194 3286 regio-
1272 3243 1275 3248 -

101 3298 172 3349 num
185 3301 277 3349 status
289 3287 450 3350 attendere.

136 3373 498 3438 Atccrtemultumdebuit
507 3375 828 3459 scriptoribusquiillos
835 3374 963 3458 populos
971 3373 1189 3458 descripserant.
1262 3360 1284 3393 ¹·
1388 3377 1391 3384 ’

101 3463 186 3536 Quae
201 3463 320 3525 scientio
333 3481 371 3524 eo
386 3476 518 3544 tempore
533 3463 659 3527 multum
674 3462 848 3547 profecerat,
864 3465 923 3526 iam
937 3465 994 3524 iam
1004 3463 1090 3525 latius
1099 3476 1193 3547 pates·

102 3563 186 3613 cente
206 3553 406 3614 Romanorum
426 3550 566 3632 imperio;
592 3567 623 3615 et
644 3570 713 3615 cum
732 3552 791 3614 iam
811 3570 899 3633 saepe
917 3553 1042 3615 Romani
1061 3550 1194 3614 barbaras

13 3641 14 3700 ]
96 3637 163 3700 illas
177 3637 351 3720 Scytharum
360 3649 390 3700 et
403 3637 599 3702 Sarmatarum
613 3653 716 3722 gentes
725 3639 948 3718 debellauissent
957 3652 1045 3722 atque
1059 3640 1194 3721 regiones

101 3725 342 3809 peragrauissent,
353 3723 421 3787 tiluc
431 3723 618 3789 uertebantur
632 3742 665 3790 ut
676 3725 861 3810 reipublicae
874 3725 1035 3810 peritorum
1049 3727 1090 3789 ita
1100 3725 1196 3790 erudi-

90 3826 202 3874 torum
216 3814 348 3875 uirorum
362 3812 467 3874 studia.
478 3812 604 3896 Scythae
617 3816 696 3877 enim
710 3829 741 3877 et
753 3815 912 3889 Sarmatae,
924 3814 975 3876 diu
988 3813 1087 3876 auditu
1103 3812 1194 3877 modo
1212 3839 1215 3845 ¹

102 3901 226 3985 cogniti,
246 3913 349 3985 postea
368 3918 435 3963 cum
455 3898 567 3984 populo
586 3904 721 3966 Romano
739 3902 803 3966 siue
820 3901 992 3966 societatem
1008 3901 1072 3965 siue
1084 3899 1194 3966 bellum

102 3986 237 4051 inierant.
261 3989 373 4071 Nempe
394 3986 528 4051 Tiberius
548 3990 681 4073 princeps
701 3991 741 4053 ita
762 3991 791 4053 in
813 3988 937 4054 Thracia
959 4002 1059 4071 egerat
1079 4002 1113 4053 ut
1126 4008 1194 4052 ¹nou

90 4253 94 4262 Ι
131 4197 212 4260 nllus
222 4198 453 4255 Argamum-aya.
526 4237 528 4240 .
648 4251 651 4259 Ι
692 4197 776 4245 ’.νη
785 4187 1030 4256 &gomma-ras,
