2996 4792
700 271 744 288 ..
789 248 914 324 ψ’..

263 384 331 446 siue
343 383 476 446 omnium
488 381 662 466 scriptorum
676 384 797 468 primus,
811 383 944 448 Herculis
957 397 986 448 et
999 383 1115 447 Melites
1128 381 1254 448 labuiam
1266 383 1347 449 breui

265 470 409 553 elegantia
420 481 541 536 narrat¹.

194 551 203 558 ’
305 560 453 634 Quantam
472 559 640 622 eruditionis
660 560 787 643 speeiem
808 557 904 622 inilia
926 561 1022 644 operis
1040 573 1123 643 parte
1141 559 1278 637 ostendit,
1298 558 1349 623 nbi

264 647 446 730 Argamum
467 647 503 732 ad
523 666 612 709 unum
635 650 801 730 percenseri
825 647 881 710 llic
903 647 1037 712 admirari
1059 647 1128 710 licet
1149 665 1236 732 quant
1262 645 1347 710 facile
1389 679 1393 686 ·

263 735 334 796 artis
345 735 552 796 sententiarum
564 733 669 797 finibus
681 737 819 819 plurimas
831 753 877 797 tes
894 734 930 798 de
948 753 1129 819 unoquoque
1146 735 1211 798 uiro
1224 733 1349 798 incluse-

262 821 329 898 τὴς-
342 841 404 884 non
425 821 503 883 enim
522 821 618 884 solum
639 823 754 898 ciuitas,
776 841 793 885 e
815 839 873 905 qua
895 835 977 885 ortus
998 837 1044 886 est
1068 822 1167 900 beros,
1187 820 1348 885 sedetiam

262 907 392 971 eiusdem
404 921 487 992 pater
498 923 528 972 et
540 910 643 993 proaui
657 911 861 988 nominantur;
875 908 966 974 irnnso
980 929 1066 993 saepe
1081 908 1190 994 aliquid
1203 910 1242 973 de
1249 909 1347 974 inerms

263 997 324 1058 nita
335 997 481 1080 gestisque
494 996 618 1074 additur,
634 1011 666 1061 ut
678 1013 756 1062 recte
769 997 899 1060 dubitare
913 997 1006 1080 possis
1020 1010 1119 1063 utrum
1131 997 1191 1062 illic
1205 996 1347 1062 orationis

263 1083 389 1146 brenitas
400 1103 439 1160 an
451 1105 547 1147 rerum
559 1086 645 1168 copia
658 1085 834 1169 praeualeat.

469 1251 522 1308 liei
531 1251 580 1324 peip
594 1251 755 1326 ’apertura
770 1251 870 1325 Κηφεύς
883 1251 907 1308 τ’
922 1251 978 1306 tan
994 1249 1167 1324 Ἀρκαδίηθεν,

468 1320 493 1374 oi
506 1321 599 1392 Trpinu
614 1323 654 1376 rai
667 1321 758 1394 κλῆρον
775 1319 958 1394 ’riprrla'ssnos
973 1321 1061 1386 iseros,

468 1381 507 1446 uir
520 1391 572 1444 diro
587 1389 682 1448 ’alloni
697 1407 703 1420 ·
718 1391 827 1463 epitasis
841 1411 868 1464 ps
881 1391 925 1466 pis
937 1391 1019 1446 inett'
1034 1389 1110 1447 iniens

469 1460 597 1533 Ἀγιιῑος.
611 1459 653 1516 sis
664 1461 709 1536 pis
723 1462 845 1534 ῥιπιτὴρ
859 1459 1004 1550 Ansdoppos
1016 1461 1046 1516 ie
1078 1481 1130 1525 ass,

467 1536 515 1585 *u
530 1529 708 1624 ‘emtus
720 1551 796 1657 'til
811 1550 923 1625 uus·
939 1532 998 1588 ⁸²²·
1013 1531 1028 1588 ⁸
1041 1481 1084 1605 i*
1097 1533 1143 1602 m

466 1599 1161 1746 ursan.attentantur„trualt·

146 1891 149 1896 -
258 1847 412 1922 Attamen,
436 1866 505 1909 cum
526 1860 572 1908 tot
594 1861 624 1909 et
648 1862 728 1910 tanta
754 1846 841 1911 simul
866 1864 968 1912 notare
994 1862 1134 1924 conatur,
1161 1847 1342 1929 saepissime,

127 1998 130 2002 .
259 1936 430 1997 necessitate
448 1935 593 2009 inductus,
611 1937 686 2000 adeo
704 1937 734 1999 in
752 1936 876 2000 dicendo
895 1957 1010 2020 pressus
1027 1950 1071 2000 est
1090 1948 1123 1999 ut
1140 1933 1258 2019 paulurn
1272 1933 1347 1997 absit

259 2023 329 2106 quin
350 2023 409 2086 illic
430 2023 489 2086 iere
511 2023 592 2086 exilis
615 2023 675 2087 frat.
700 2024 748 2087 Sic
770 2044 992 2108 nonnumquam
1017 2027 1124 2088 eodem
1150 2044 1236 2087 uersu
1263 2022 1345 2107 plura

258 2110 414 2192 significat,
434 2112 520 2172 nimis
539 2112 667 2174 confisus
687 2111 804 2174 lectoris
823 2113 974 2190 doctrinn;
994 2113 1045 2187 ita,
1065 2125 1098 2174 ut
1116 2111 1251 2192 exemplo
1268 2125 1344 2186 utar,

259 2217 360 2260 uersus
381 2197 447 2260 illos
468 2199 504 2261 de
527 2201 634 2281 Ergino
655 2213 683 2261 et
703 2201 823 2262 Ancaeo
842 2200 878 2263 ad
893 2200 994 2262 lolcon
1007 2198 1246 2262 descendentibus
1261 2200 1343 2283 quasi

257 2287 427 2369 aenigmatis
441 2287 610 2368 ambagibus
627 2287 784 2370 implicitos
802 2288 877 2350 male
890 2287 1105 2372 intellegamus,
1120 2287 1174 2349 nisi
1189 2307 1244 2350 nos
1257 2286 1352 2354 scirn-¹

255 2371 353 2434 liastes
371 2373 476 2436 doceat
498 2374 614 2436 «Mileti
635 2375 763 2436 urbem·
784 2395 837 2456 pro
856 2373 957 2438 Mileto
977 2395 1041 2438 esse
1060 2375 1342 2458 «Partheniaequea

256 2478 365 2522 nomen
377 2461 496 2523 Samum
509 2461 688 2543 designaret.
993 2537 996 2546 ,

294 2548 483 2632 Quicumque
495 2547 601 2612 Valerii
609 2569 725 2613 carmen
739 2569 826 2614 manu
836 2563 943 2626 uersat,
956 2549 1005 2613 tali
1019 2564 1099 2615 metu
1113 2569 1216 2614 uacare
1231 2563 1340 2634 potest.

255 2637 330 2698 llam
340 2636 430 2702 libere
442 2638 513 2701 illud
525 2638 685 2702 litterarum
699 2639 809 2702 flumen
825 2641 929 2704 auertit
947 2653 977 2702 et
996 2659 1032 2702 ex
1050 2653 1097 2703 tot
1109 2641 1255 2724 tantisque
1274 2640 1345 2703 doc·

255 2725 336 2788 trinis
348 2746 439 2809 pauca
453 2727 606 2812 decerpsit.
623 2727 756 2791 Vidimus
773 2729 831 2792 iam
850 2749 917 2792 eum
937 2727 1044 2811 aliquid
1062 2730 1099 2792 de
1118 2741 1260 2791 terrarum
1281 2729 1345 2791 des·

257 2813 397 2896 criptinne
410 2835 497 2900 quam
514 2829 561 2878 tot
578 2816 734 2899 scriptores
755 2815 979 2892 illustrauemnt,
1001 2815 1234 2900 deprompsisse;
1256 2836 1344 2901 quare

257 2921 324 2964 cum
336 2902 535 2984 Scythicarum
547 2906 678 2988 gentium
692 2925 790 2969 mores
803 2905 939 2991 singulari
952 2919 1013 2967 arte
1026 2905 1166 2987 depingit,
1177 2904 1353 2967 nulliusne.

257 2988 418 3075 glegentiae
431 2995 513 3076 argui
527 3007 643 3076 potest;
658 2993 750 3058 multa
764 2994 880 3078 quidem
893 2992 1015 3077 legerat,
1036 2993 1127 3056 multa
1146 3011 1264 3076 quoque
1283 3012 1345 3054 me·

215 3137 217 3144 .
258 3080 350 3144 moria
360 3095 592 3144 conseruauerat.
608 3082 665 3146 Sed
677 3083 702 3146 si
715 3101 833 3147 carmen
840 3083 956 3166 penitus
970 3081 1187 3164 introspexeris,
1197 3079 1344 3143 Valerium

257 3169 363 3232 senties
376 3169 406 3232 in
418 3170 477 3232 boc
489 3171 554 3254 ipso
568 3171 663 3236 multo
677 3173 773 3235 minus
787 3171 823 3235 ad
836 3191 898 3234 rem
911 3190 999 3256 quam
1013 3169 1049 3233 ad
1062 3183 1155 3234 artem
1174 3169 1341 3247 attendisse,

256 3270 287 3320 et
299 3277 401 3322 omnes
413 3257 522 3322 fabulas
535 3280 608 3345 quas
621 3261 695 3324 intra
707 3260 920 3344 opusinteatas
933 3257 1081 3323 effudisset
1094 3258 1247 3343 diligenter
1258 3279 1343 3323 orna·

255 3346 343 3410 uisse.
356 3349 424 3411 Non
436 3347 526 3430 igitur
545 3348 716 3431 dedignatus
735 3362 780 3412 est
799 3350 830 3412 in
850 3347 949 3433 operis
968 3349 1013 3410 sui
1032 3347 1154 3411 exordio
1175 3347 1256 3412 uiros
1276 3347 1343 3411 illos

255 3453 425 3518 percensere
437 3438 486 3521 qui
500 3450 545 3500 tor
558 3437 672 3501 labores
685 3437 770 3501 simul
783 3449 864 3500 erant
876 3435 1039 3522 perpessuri
1052 3449 1083 3500 et
1094 3451 1204 3500 tantam
1218 3435 1342 3519 gloriam

255 3524 396 3608 adepturi.
411 3527 468 3590 Sed
480 3540 548 3591 ante
560 3527 659 3591 omnia
671 3546 717 3590 res
731 3526 834 3591 melius
848 3526 981 3590 ordinare
994 3540 1025 3590 et
1045 3526 1221 3612 distinguere
1235 3524 1355 3590 uoluit„

254 3614 310 3690 lta,
322 3615 353 3676 in
365 3617 600 3698 Argonautarum
614 3639 630 3674 e
646 3615 791 3699 Catalogo
806 3638 822 3672 a
838 3633 927 3700 quom
939 3613 1090 3698 Apollonii
1109 3616 1199 3678 instar
1220 3633 1343 3697 compo-

254 3703 324 3776 suit,
338 3703 458 3766 meliore
478 3702 579 3767 ordine
598 3723 681 3780 usus,
701 3704 731 3766 in
752 3702 824 3766 duas
844 3717 939 3787 partes
959 3703 1065 3767 heroas
1084 3703 1183 3767 diuisit
1201 3701 1292 3787 'prout
1311 3702 1343 3765 in

253 3791 385 3856 transtris
398 3791 497 3856 dextra
509 3791 650 3878 laeuaque
663 3812 751 3856 manu
765 3805 833 3876 post
847 3793 1002 3856 Herculem
1017 3807 1047 3856 et
1059 3791 1251 3856 Telamonem
1259 3790 1342 3855 sede·

254 3879 361 3960 bant⁴;
374 3901 480 3968 neque,
494 3897 528 3946 ut
540 3882 670 3947 Graecus
682 3896 783 3967 poeta,
796 3881 873 3947 hene
885 3883 1086 3948 recensionem
1100 3881 1137 3945 ad
1148 3867 1303 3945 nominuni
1312 3894 1343 3945 et

255 4013 474 4038 -ι--ἱ

281 4039 590 4151 adnatavimus.
808 4049 809 4054 ¹
845 4089 1140 4150 evanueramus
1149 4055 1248 4144 neuin
1262 4089 1344 4136 laedi·

280 4143 531 4255 tlsspkpgust·
706 4179 722 4210 s
786 4229 796 4240 ἡ
820 4144 1207 4202 namura-auectam
1263 4253 1270 4264 ⁸
1305 4225 1307 4230 Ι
