2996 4792
567 761 569 768 '
629 774 649 872 1¹

149 1169 153 1175 .
218 1110 265 1176 Ile
286 1128 402 1175 rerum
425 1109 545 1175 ordine
568 1111 604 1175 el
625 1107 909 1194 Argonautarum
929 1109 1065 1174 itinere.
1122 1076 1124 1082 ,
1177 1137 1179 1142 ·
1220 1071 1222 1076 Ι
1290 1055 1325 1156 ¹-
1404 1070 1410 1078 ⁵

136 1417 266 1479 Valerius
279 1416 357 1478 idem
376 1429 579 1496 argumentum
597 1435 657 1500 quo
676 1416 734 1478 iam
751 1415 927 1498 Apollonius
946 1435 1016 1478 usus
1029 1427 1091 1476 erat
1104 1413 1186 1476 adhi-

98 1502 159 1566 buit
172 1521 267 1586 neque
281 1504 429 1564 materiam
443 1497 528 1584 plane
542 1502 740 1566 inuertendam
753 1505 877 1566 curauit.
888 1503 962 1564 Nam
972 1501 1081 1564 lasonis
1095 1500 1187 1564 uirtu-
1219 1553 1222 1559 ,
1286 1530 1288 1534 ·

97 1604 157 1652 tem
172 1603 200 1652 et
213 1589 383 1652 industriam
395 1591 470 1652 intra
484 1589 556 1651 fines
570 1589 628 1652 iam
642 1611 658 1652 a
672 1591 786 1654 Graeco
801 1604 889 1672 poeta
902 1589 1063 1671 descriptos
1080 1587 1184 1664 tenuit,

98 1689 128 1739 et
147 1675 184 1738 ad
202 1679 435 1760 Argonautarum
454 1675 668 1758 expeditionem
689 1677 894 1740 tantummodo
907 1676 1059 1758 spectauit.
1075 1677 1187 1752 Quam·

41 1779 43 1783 '
99 1785 185 1849 quam
201 1785 287 1848 opus,
302 1765 499 1828 intercedente
513 1779 618 1841 morte,
634 1765 772 1849 perficere
786 1787 846 1829 non
859 1766 984 1849 potuit¹,
1000 1764 1071 1828 nihil
1083 1783 1187 1828 musae

100 1867 143 1915 est
163 1872 214 1915 cur
233 1853 315 1915 lonis
337 1855 446 1916 lasonis
467 1868 497 1915 et
517 1852 622 1916 ferocis
645 1854 765 1916 Medeae
788 1852 916 1916 facinora
938 1853 1055 1936 longius
1074 1871 1188 1914 narrare

100 1961 238 2024 umquam
259 1941 462 2016 constituerim
483 1961 552 2002 sane
570 1960 639 2002 cum
658 1939 769 2003 Phoebi
789 1940 932 2023 templum
953 1940 1093 2024 depingit,
1114 1941 1189 2002 inter

100 2028 222 2090 caelatas
237 2027 298 2090 illas
305 2029 448 2110 imagines
464 2047 539 2111 quae
552 2027 649 2091 futura
663 2030 877 2111 praenuntiant,
893 2028 1089 2091 inclitissimae
1102 2045 1188 2110 sagae

100 2117 256 2200 imaginem
271 2118 399 2179 ostendit
414 2115 523 2198 aligero
538 2137 624 2178 curru
638 2135 704 2178 aera
716 2127 931 2192 transuectae²;
942 2129 971 2178 at
984 2115 1055 2178 nihil
1068 2116 1139 2178 certi
1152 2133 1188 2176 ex
1274 2170 1279 2179 .

100 2205 158 2268 hoc
173 2206 290 2267 coicias.
308 2205 388 2279 Quid
402 2206 479 2267 enim
499 2206 605 2267 mirum
620 2203 700 2288 quod
718 2206 792 2267 adeo
812 2204 960 2288 uulgatum
979 2219 1020 2281 et,
1040 2219 1073 2268 ut
1091 2205 1130 2267 ita
1147 2203 1190 2266 di·

100 2314 175 2370 cam,
190 2308 377 2379 peruagatam
390 2292 516 2356 fabulam
530 2291 625 2357 obiter
636 2293 860 2378 significauerit?
871 2295 970 2370 Quam
979 2308 1077 2358 tamen
1088 2311 1191 2379 parunt
1243 2304 1249 2312 ’

99 2383 247 2467 probabile
261 2398 304 2445 est
318 2383 354 2446 ab
369 2405 406 2446 eo
420 2388 512 2471 totius
521 2384 669 2467 poematis
684 2399 857 2467 argumento
872 2403 936 2447 esse
950 2384 1092 2448 additam.
1107 2385 1193 2448 Uter.
1238 2411 1240 2416 ·

102 2493 157 2557 que
170 2492 241 2534 uero
256 2487 344 2556 poeta
357 2474 479 2536 fortium
494 2489 657 2547 nautarum,
672 2475 758 2536 unius
776 2495 812 2536 ex
825 2474 881 2536 illis
895 2474 1060 2557 praesertim
1076 2473 1193 2558 egregia
1269 2484 1272 2492 '

100 2563 229 2622 facinora
248 2562 404 2644 uariosque
423 2582 474 2642 per
490 2563 630 2624 immensa
649 2563 739 2624 maria
757 2575 880 2624 euentus
899 2563 997 2638 canit;
1013 2560 1048 2624 ab
1067 2576 1193 2644 utroque

100 2663 197 2710 tamen
216 2646 297 2710 abest
314 2649 386 2710 acris
406 2648 454 2711 illa
473 2664 502 2712 et
520 2649 577 2712 alta
595 2669 678 2711 mens
697 2669 754 2731 qua
772 2649 927 2724 Pindarus,
942 2650 971 2713 in
991 2649 1113 2732 tychico
1132 2667 1193 2710 car·
1247 2701 1249 2708 ,

101 2738 190 2810 mine,
205 2736 303 2797 herois
319 2751 441 2798 conatus
455 2735 635 2820 depinxerat,
652 2737 725 2798 sacri
738 2737 852 2798 Oceani
867 2737 1067 2819 magnitudine
1076 2750 1106 2799 et
1114 2753 1194 2798 arca-

100 2822 143 2883 nis
163 2822 416 2886 uehementissime
434 2838 545 2886 motus.
564 2823 739 2905 Apollonius
760 2837 859 2885 autem
878 2837 908 2886 ct
926 2823 1057 2886 Valerius
1075 2823 1112 2886 ad
1133 2823 1192 2885 hoc

102 2909 200 2990 potius
222 2910 407 2972 attenderunt
429 2925 462 2973 ut
484 2910 647 2993 legentium
664 2912 777 2973 animos
795 2911 995 2988 delectarent;
1016 2929 1192 2994 quamquam
1272 2950 1274 2953 .
1301 2945 1309 2957 «

102 2995 176 3058 inter
189 3017 220 3059 se
234 3011 294 3059 arte
308 3012 338 3060 et
357 2999 475 3080 ingenio
494 2998 618 3062 multum
637 2997 805 3062 differebant
820 3013 850 3061 et
863 2998 1073 3062 Alexandrinae
1090 2999 1193 3061 aetatis

102 3095 189 3164 poeta
203 3084 367 3145 eruditione
381 3084 539 3166 plurimum
548 3084 674 3160 ualebat,
685 3083 776 3147 multa
784 3098 882 3147 tamen
892 3098 972 3147 erant
982 3104 1056 3168 quae
1063 3086 1194 3147 imitator

103 3171 262 3231 mutuando
277 3173 322 3233 sui
337 3173 453 3253 propria
466 3172 580 3235 efficere
600 3188 710 3256 posset.
727 3174 860 3235 Iasonem
879 3173 998 3254 quidem
1014 3186 1044 3234 et
1059 3173 1193 3234 Medeam
1263 3214 1265 3225 ·

103 3276 163 3316 non
177 3271 291 3338 poterat
309 3277 369 3318 non
387 3259 524 3320 inducere
542 3273 645 3323 mutuo
665 3279 764 3322 amore
782 3259 950 3341 flagrantes,
965 3272 995 3322 at
1013 3257 1084 3322 nihil
1102 3258 1195 3340 impe-

103 3341 199 3405 diebat
213 3345 282 3428 quin
295 3345 325 3406 in
340 3344 385 3407 his
399 3347 530 3428 personis
546 3346 637 3410 multa
650 3362 773 3410 nouaret
788 3361 817 3409 et
832 3346 974 3409 rationem
990 3365 1046 3431 qua
1060 3365 1106 3408 res
1119 3345 1195 3408 inter
1290 3373 1293 3378 ¹

101 3451 134 3492 se
146 3432 223 3514 apud
237 3431 427 3514 Apollonium
441 3433 617 3516 exciperent,
629 3435 748 3518 ingenio
762 3453 817 3497 suo
828 3433 1003 3517 obsequens,
1015 3446 1191 3497 retractaret.

102 3517 275 3602 Plerumque
294 3520 372 3581 enim
394 3519 486 3602 eligit,
508 3541 600 3604 pauca
620 3523 731 3606 integra
751 3523 782 3584 in
803 3542 878 3605 opus
896 3521 1079 3598 transferens,
1100 3520 1193 3584 multa

102 3607 226 3669 consilio
240 3608 391 3683 omittens,
406 3607 488 3690 plura
501 3609 672 3685 immutaris,
683 3609 731 3672 uel
747 3610 892 3693 explicans
905 3611 954 3672 uel
967 3610 997 3673 in
1011 3608 1208 3692 angustiores.

102 3694 174 3756 fines
186 3694 384 3772 concludens;
398 3695 491 3760 immo
506 3717 578 3760 uero
598 3699 690 3761 multa
709 3697 795 3782 plane
812 3717 891 3762 noua
909 3697 1043 3761 adicitet
1061 3695 1192 3780 complu·

131 3907 149 3938 r.
160 3895 201 3938 Col
210 3897 326 3939 antennae
335 3897 437 3939 secedunt
447 3898 533 3942 Paetus
542 3899 649 3942 nouam
665 3902 687 3950 ln
701 3901 767 3956 pelas
781 3897 918 3955 praeualere,
929 3900 970 3943 111.
979 3899 1081 3950 leuatae,
1090 3911 1110 3955 p.
1120 3909 1164 3950 eta,
1172 3895 1199 3941 et'
1225 3880 1226 3886 ¹

103 3947 185 3995 Τιιιο,
200 3947 291 4004 Μαι..
306 3950 377 3994 xxvi
386 3963 442 4045 Ἠ,
458 3961 479 3992 ex
488 3952 598 4004 serant,
623 3983 630 3998 .
641 3966 674 4006 rr.
683 3963 704 3996 at
715 3954 807 4003 Pruna,
816 3965 837 4009 p.
849 3963 880 4007 ις.
892 3952 1037 4018 &ansillae
1049 3951 1162 4018 ‘Hatram
1171 3960 1194 3994 at

103 4013 169 4057 nuper
177 4003 293 4046 staram
302 4014 377 4058 potam
406 4005 464 4046 aerii
472 4016 547 4060 poema
557 4005 609 4049 abso
619 4016 678 4049 utum
691 4007 736 4050 elue
744 4005 834 4050 Gmltlca
846 4005 948 4057 barberio
961 4018 1006 4049 saue
1016 4003 1094 4048 ambae
1106 4003 1193 4048 illenim

102 4055 389 4164 ipgppiplpprplrtkppnnp'rgpl
405 4057 506 4113 potam
521 4057 566 4100 illle
579 4061 651 4115 potiar
664 4059 802 4128 adurimur.
816 4059 850 4102 Da
862 4059 907 4102 bae
918 4059 1039 4116 pnmln
1048 4057 1193 4115 undana

104 4247 106 4252 Ι
129 4177 492 4236 avertendae-..imarum
576 4245 578 4250 Α
