2970 4802
219 4167 220 4172 =
293 4148 554 4207 mmmm.

732 231 971 280 -m-

306 360 432 443 undique
449 357 561 424 seruilis
578 359 749 425 imitationis
767 362 891 445 uestigia
909 361 1092 445 requireret¹.
1113 359 1161 422 Sic
1179 359 1259 422 Deos
1273 375 1341 419 cum
1354 357 1393 420 in·

307 447 385 513 ducit
398 464 529 534 agentes,
543 448 600 513 hos
613 469 646 512 ea
667 464 764 513 mente
777 450 866 514 allicit
884 469 972 533 quam
985 448 1022 512 ad
1038 445 1185 531 exemplar
1199 445 1318 528 Vergilii
1333 446 1396 529 pin·

241 599 243 604 .
306 557 374 620 gere
390 538 539 616 uideatur3
557 538 633 622 apud
651 552 808 622 utrumque
826 539 904 601 enim
922 537 1128 622 Olympiorum
1147 536 1281 598 maiestas
1301 554 1362 597 non
1379 554 1397 597 e

304 629 437 709 corporis
454 626 563 690 uiribus
581 641 612 689 et
629 627 743 691 excelsa
758 640 878 710 statura,
893 626 944 689 sed
958 645 975 688 e
989 625 1124 708 prudenti
1137 638 1167 688 et
1181 623 1263 706 graui
1277 622 1394 704 ingenio

303 715 404 790 oritur,
425 735 520 800 neque
539 717 693 801 quicquam
713 715 767 777 nisi
788 715 911 778 consilio
932 726 1144 798 persequuntur
1163 712 1318 795 uariosque
1343 730 1395 773 seu

305 801 409 866 molles
427 823 478 866 seu
498 823 579 867 acres
602 824 703 867 sensus
725 807 900 887 exprimunt.
926 805 1056 887 Uterque
1081 802 1150 885 quid
1173 801 1227 863 Dei
1252 799 1395 882 cogitent,

304 905 403 974 agant,
417 892 541 969 oderint,
558 892 688 975 diligant,
704 912 762 976 qua
774 893 887 956 ratione
900 911 945 954 res
958 904 1098 954 moueant
1112 903 1142 953 et
1159 902 1260 972 regant
1274 888 1395 972 diligen-

303 991 348 1042 ter
360 981 481 1046 excutit.
501 980 560 1044 lllic
578 981 666 1065 igitur
676 980 842 1062 ,Vergilium
856 999 993 1064 magnam
1006 980 1210 1043 auctoritatem
1221 977 1298 1060 apud
1311 975 1395 1038 Vale-

303 1067 377 1130 rium
391 1067 525 1133 habuisse
539 1071 660 1152 eiusque
674 1082 821 1153 tamquam
835 1069 940 1133 ducem
949 1067 1037 1130 luisse
1047 1066 1209 1131 fatebimur.
1221 1067 1298 1129 Cum
1307 1065 1393 1128 etiarn

303 1157 412 1220 lasonis
433 1177 587 1240 personam
608 1159 792 1240 exprimeret,
817 1179 853 1221 ex
875 1159 937 1220 elus
958 1157 1097 1220 memoria
1117 1175 1178 1218 non
1197 1155 1340 1218 exciderat
1355 1153 1394 1236 pli

222 1295 225 1300 .
301 1245 417 1309 Aeneae
430 1247 539 1330 imago,
555 1247 605 1331 qui
623 1261 743 1332 propter
762 1247 854 1332 ipsam
874 1259 978 1329 poetae
995 1245 1119 1330 gloriam
1136 1243 1393 1328 praeclarissimam

301 1333 416 1397 laudern
428 1350 490 1399 erat
503 1351 688 1399 consecutus.
711 1336 971 1410 Quemadmodum
989 1336 1113 1407 Aeneas,
1133 1334 1173 1396 ita
1187 1335 1273 1396 lason
1286 1333 1315 1394 in
1331 1331 1392 1395 acie

301 1420 458 1485 fortissime
471 1423 640 1505 proeliatur,
651 1443 705 1487 nec
719 1424 823 1485 desunt
837 1423 914 1505 apud
923 1422 1069 1485 Valerium
1079 1421 1144 1484 libri
1154 1423 1183 1483 in
1193 1421 1297 1504 quibus
1306 1419 1394 1481 heros

301 1511 438 1573 uirtutem
451 1506 534 1574 suam
547 1510 694 1589 ostendat,
709 1510 811 1574 eadem
824 1529 943 1595 prorsus
956 1511 1069 1573 ratione
1083 1529 1139 1592 qua
1153 1511 1217 1594 pius
1230 1511 1344 1571 Aeneas
1357 1506 1393 1569 ad

301 1599 411 1662 maiora
432 1618 464 1662 se
486 1599 627 1662 suscitans
651 1618 719 1663 uere
742 1602 890 1663 Romanae
908 1599 1003 1682 gentis
1021 1599 1159 1662 conditor
1176 1611 1205 1661 et
1223 1596 1392 1660 Latinorum

301 1684 459 1750 debellator
472 1689 629 1753 exstiterat.
645 1688 727 1752 Adde
742 1689 822 1772 quod
835 1687 990 1773 Vergilius,
1007 1687 1106 1751 dulces
1120 1687 1220 1752 herois
1233 1705 1331 1749 mores
1344 1704 1393 1748 ex·

301 1775 439 1857 primens‚
453 1777 545 1839 multa
559 1795 594 1840 ex
607 1775 769 1860 Apollonio
783 1777 1012 1861 deprompserat.

338 1862 511 1951 Plerumque
525 1876 625 1928 autern
643 1863 775 1928 Valerius
793 1884 810 1927 e
823 1864 952 1949 Vergilio
967 1884 1013 1930 res
1027 1863 1154 1948 singulas
1167 1876 1196 1927 et
1210 1861 1298 1927 uerba
1312 1880 1394 1946 carp-

299 1952 353 2014 tim
375 1971 491 2016 sumere
510 1953 598 2032 solet,
622 1974 683 2017 non
705 1954 741 2016 ad
764 1967 855 2017 artem
874 1954 924 2017 sed
943 1954 979 2017 ad
998 1953 1142 2018 scribendi
1161 1953 1311 2016 materiam
1329 1969 1393 2015 sese

293 2039 436 2104 reserens.
456 2043 505 2105 Sic
523 2045 642 2118 Boreas,
663 2061 730 2105 curn
744 2039 871 2104 Aeolum
890 2041 949 2104 adit
963 2056 996 2106 ut
1008 2055 1212 2124 tempestatem
1226 2043 1256 2105 in
1269 2040 1392 2103 audaces

298 2131 481 2212 Argonautas
504 2133 621 2205 excitet,
645 2131 764 2193 lunonis
783 2131 873 2214 ipsius
897 2131 957 2214 agit
979 2144 1075 2213 partes
1099 2151 1187 2214 quam
1207 2129 1351 2213 Vergilius
1374 2149 1390 2190 a

300 2232 455 2282 uentorum
480 2223 543 2284 Deo
569 2220 669 2284 eadem
692 2239 783 2304 prope
806 2233 954 2302 petentem
975 2220 1171 2303 depinxeram
1195 2221 1272 2283 Cum
1294 2231 1391 2282 autem

299 2321 385 2390 poeta
404 2321 506 2372 noster
527 2308 686 2393 procellam
703 2311 852 2394 ingentem
870 2311 899 2372 in
921 2309 1015 2392 primo
1033 2308 1108 2374 libro
1122 2323 1153 2372 et
1165 2309 1391 2372 intercedentem

298 2397 466 2479 Neptunum
480 2399 626 2481 exprimit,
642 2398 713 2461 nibil
727 2399 805 2461 aliud
818 2400 872 2461 nisi
888 2398 1014 2480 singulas
1029 2418 1074 2461 res
1093 2418 1111 2460 a
1128 2398 1258 2482 Vergilio
1277 2411 1391 2460 mutua·

297 2484 757 2568 tur1,quibusnouamspeciem
775 2486 879 2548 induit.
901 2489 1065 2548 Memorare
1081 2505 1203 2570 quoque
1221 2484 1289 2548 licet
1302 2486 1391 2548 uehe-

297 2582 425 2634 mentem
439 2571 517 2636 illam
530 2573 630 2636 Martis
643 2573 819 2648 orationem,
829 2592 887 2657 qua
896 2571 1020 2635 bellator
1031 2575 1110 2636 Deus
1121 2573 1200 2636 louis
1213 2573 1390 2636 iracundiam

296 2659 325 2720 in
348 2661 532 2742 Argonautas
554 2679 674 2724 mouere
700 2674 833 2736 conatur,
862 2660 965 2723 deinde
994 2662 1142 2724 Mineruae
1167 2662 1390 2744 responsionem

296 2745 441 2809 Graccum
454 2748 575 2811 heroem
588 2747 778 2823 defendentis,
794 2748 918 2831 denique
931 2749 1019 2829 patris
1032 2749 1122 2830 ipsius
1135 2751 1267 2811 Deorum
1279 2749 1390 2832 granis·

296 2835 369 2896 sima
382 2848 412 2897 et
429 2836 650 2917 pmdentissima
668 2834 769 2911 uerba,
790 2835 859 2898 dum
876 2855 907 2898 se
921 2834 1051 2898 latorum
1064 2837 1213 2918 potentiae
1227 2835 1388 2899 obnoxium

295 2921 467 3004 profitetur;
491 2943 564 3008 quae
588 2924 672 2987 nobis
692 2923 812 3007 pulchra
830 2924 878 2986 illa
899 2926 1018 2987 Veneris
1040 2939 1068 2988 et
1089 2926 1207 2988 lunonis
1224 2939 1254 2988 et
1267 2925 1345 2988 louis
1358 2925 1388 2985 in

296 3009 411 3074 decimo
431 3013 564 3074 Aeneidos
585 3012 658 3075 libro
683 3011 831 3096 colloquia
849 3014 879 3075 in
904 3013 1232 3090 mentem·reducunt⁴;
1255 3014 1388 3075 Minerua

296 3116 414 3182 quoque
428 3099 469 3161 sic
482 3102 667 3182 Argonautas
682 3113 779 3162 tuetur
797 3101 1047 3183 quemadmodum
1065 3103 1164 3163 Venus
1177 3101 1312 3163 Troianis
1324 3120 1388 3182 par-

294 3183 372 3249 tibus
384 3185 476 3264 fauet,
490 3207 586 3274 neque
599 3187 682 3251 aliter
695 3189 772 3252 Mars
786 3189 920 3252 iasonem
934 3189 1004 3252 odio
1020 3190 1200 3274 persequitur
1213 3207 1300 3273 quam
1314 3189 1386 3251 luno

293 3274 411 3338 Aeneae
427 3275 580 3340 conatibus
600 3276 733 3355 obsistit;
754 3277 831 3361 apud
850 3291 1006 3361 utrumque
1027 3292 1144 3361 poetam
1166 3277 1293 3362 luppiter
1305 3278 1388 3340 adest

267 3367 271 3377 '
294 3383 448 3447 supremus
468 3366 570 3429 mundi
594 3365 711 3445 arbiter,
729 3366 794 3429 lites
816 3365 917 3428 sedare
936 3379 965 3428 et
978 3386 1075 3429 rerum
1087 3381 1220 3430 naturam
1233 3385 1334 3450 regere
1352 3383 1386 3429 ac

294 3454 424 3517 Deorum
437 3453 650 3540 hominumque
663 3453 778 3520 dissidia
792 3473 970 3538 componere
984 3469 1109 3539 paratus.

333 3542 381 3606 Sic
394 3543 424 3606 in
437 3543 606 3608 inducendis
617 3545 750 3628 persoms
763 3543 894 3608 Valerius
908 3546 1022 3610 Maroni
1040 3545 1148 3630 aliquid
1165 3545 1273 3630 gratiae
1287 3546 1382 3610 debet.

275 3629 276 3632 ’
293 3629 397 3715 Neque
410 3631 481 3696 uero
495 3631 622 3697 multum
633 3633 717 3698 aliter
728 3633 757 3698 in
771 3633 902 3718 plurimis
914 3632 989 3700 locis
1002 3635 1056 3698 hac
1070 3635 1186 3699 modica
1194 3648 1224 3699 et
1230 3635 1384 3699 artificiosa

293 3719 456 3785 imitatione
469 3741 539 3786 usus
552 3731 607 3788 est.
622 3725 697 3786 Nam
711 3743 779 3787 cum
792 3723 903 3789 Phoebi
915 3722 1058 3808 templum
1071 3723 1121 3788 ubi
1134 3728 1239 3790 Aeetes
1251 3727 1383 3790 iasonem

287 3823 339 3902 eat
355 3824 540 3897 acceptums,
560 3825 591 3878 et
608 3811 738 3878 fatidicas
758 3813 899 3899 imagines
916 3814 1020 3900 quibus
1032 3815 1128 3880 ornati
1140 3816 1321 3901 suntpostes
1334 3814 1384 3879 de·

292 3957 500 3992 *ta-be·—

321 3989 423 4088 mio·
439 4041 520 4087 rahald
532 4043 757 4104 flaccidae-estleia
766 4059 812 4089 eser
842 4033 848 4050 '¹
891 4059 911 4091 a.
923 4046 1355 4108 Ars.,1,34-aq.-Arps.‚l,574·bal.

297 4093 581 4152 Verglllfflsmlrdmida
587 4101 717 4157 ungentis.
725 4099 811 4151 rnre.
891 4132 911 4176 ι
921 4119 982 4175 m.
992 4119 1010 4173 1,
1019 4123 1100 4176 Qud·
1108 4144 1136 4157 ,,
1141 4123 1232 4180 [ΨΜ
1240 4123 1259 4176 1,
1267 4123 1364 4178 “4544

889 4189 1380 4252 adea,x.rsrrs.-Arpe.,v,6ausa.
