2970 4802
543 293 783 364 ..ψ

117 416 268 482 uoluntate
285 423 487 484 necessitatem
504 423 677 486 consociare
695 436 757 485 erat
775 423 866 486 uisus.
882 423 994 487 Contra
1011 423 1141 489 Valerius
1159 428 1210 512 qui

116 503 252 569 uidelicet
263 507 508 592 philosophorum
521 510 623 573 studiis
637 529 669 573 se
683 507 802 573 dederat
816 523 846 573 et
858 511 941 574 cuius
954 511 1089 595 aequales
1107 513 1136 576 in
1154 513 1210 577 hac

9 665 10 674 ἵ
115 591 235 656 scientia
248 594 371 682 muitum
385 597 579 680 proiecerant,
594 598 712 660 easdem
726 617 772 662 res
788 597 871 662 aliter
882 599 1041 681 disposuit3
1052 619 1120 664 nam
1132 601 1208 665 ineo

9 691 10 724 ³
114 679 184 760 ioco
198 681 258 757 ubi,
274 682 483 764 pulcherrimos
497 685 642 769 quosdam
656 685 777 768 Vergilii
799 705 900 748 uersus
919 685 973 748 sibi
991 688 1021 750 in
1037 689 1209 752 memoriam

113 787 268 846 munaus,
281 771 383 834 Iouem
399 771 436 835 de
455 773 618 856 propinqua
638 771 688 836 iiiii
705 773 750 836 sui
769 785 867 837 morte
885 773 1036 857 lugentem
1055 776 1208 860 expressit,
1315 777 1344 802 '¹

114 856 180 942 plus
193 859 247 922 Dei
260 861 425 924 auctoritati
438 862 599 925 concedere
613 861 730 924 uidetur
739 883 748 939 ;
758 881 867 945 nempe
878 861 955 945 apud
970 861 1130 948 Vergilium
1143 865 1210 948 iup-

114 947 189 1030 piter
198 946 317 1010 Alcidae
330 950 486 1033 respondet
499 969 648 1012 summum
661 951 757 1013 Deum
772 951 865 1013 oranti
884 962 917 1014 ut
936 949 1064 1014 Pallanta
1082 971 1100 1016 e
1118 951 1209 1016 Turni
1292 969 1298 980 “

113 1034 218 1099 ictibus
230 1035 384 1111 subducat,
399 1037 452 1101 sibi
467 1037 577 1102 nuliam
590 1057 655 1102 esse
667 1039 729 1101 uim
742 1037 800 1102 iata
813 1037 967 1122 subigendi
978 1059 986 1102 r

294 1179 352 1236 Stat
363 1195 411 1237 sua
425 1184 520 1254 cuique
531 1181 597 1248 dies,
607 1180 688 1237 breue
702 1191 728 1237 et
742 1179 909 1254 irreparabile
923 1195 1028 1254 tempus
1055 1169 1057 1176 ’

295 1249 430 1307 Omnibus
444 1263 484 1306 est
498 1251 594 1307 uitae¹.

111 1376 207 1460 Fingit
228 1391 327 1440 autem
347 1377 480 1442 Valerius
501 1381 597 1442 Deum
622 1377 805 1442 dubitantem
826 1397 898 1442 num
919 1391 1065 1461 potestate
1091 1399 1144 1442 sua
1172 1380 1209 1444 ad

111 1464 286 1528 seruandum
299 1464 443 1538 Colarem
456 1465 533 1530 abuti
547 1465 661 1542 debeat,
672 1467 753 1551 quasi
768 1467 795 1530 ei
809 1467 847 1530 sit
860 1467 960 1530 nescio
975 1467 1057 1551 quod
1070 1468 1100 1531 in
1114 1469 1210 1531 immi·
1270 1471 1272 1476 '
1353 1519 1360 1530 ,
1457 1486 1469 1544 ,ς

9 1591 10 1624 ,
111 1553 209 1614 nentia
227 1551 285 1614 lata
303 1554 486 1636 praesidium.
502 1554 643 1618 Ceterum
660 1553 708 1617 iile
722 1569 822 1637 poeta,
838 1552 982 1617 illustrare
996 1568 1120 1618 conatus
1134 1576 1208 1640 quo·
1464 1581 1469 1596 ·

9 1691 10 1708 ,
111 1638 202 1701 modo
218 1639 272 1701 hae
287 1640 360 1704 duae
374 1661 432 1717 res,
447 1641 501 1705 Dei
514 1640 653 1704 uoluntas
672 1655 701 1704 et
720 1641 900 1704 necessitatis
916 1642 971 1718 uis,
987 1662 1061 1726 quae
1077 1656 1138 1706 tam
1151 1643 1208 1706 dis·

9 1715 10 1746 ³
111 1727 214 1789 cordes
228 1727 404 1806 uiderentur,
420 1730 494 1792 inter
507 1749 539 1792 se
553 1729 702 1792 conciliari
716 1741 847 1811 possent,
862 1748 928 1791 eam
940 1730 1207 1812 interpretationem

108 1817 234 1898 repperit
248 1837 322 1900 quae
336 1837 395 1880 non
409 1817 492 1900 plane
510 1837 527 1880 a
540 1818 737 1880 recentiorum
750 1816 998 1901 philosophorum
1012 1832 1053 1895 et,
1070 1831 1102 1881 ut
1114 1839 1207 1882 unum

110 1923 146 1965 ex
162 1903 206 1966 bis
221 1906 382 1983 nominem,
396 1905 546 1968 leibnitzii
559 1907 702 1969 sententia
711 1904 867 1970 differrem.
877 1905 957 1970 Nihil
966 1907 1044 1968 enirn
1053 1907 1131 1971 aliud
1143 1927 1206 1972 esse

45 2027 47 2034 ,
110 2004 193 2072 putat
206 1991 299 2054 iatum
312 1994 366 2056 nisi
380 1995 530 2056 decretum
544 1994 625 2076 quod
641 1996 719 2055 Deus
733 2015 750 2055 a
764 1994 864 2057 mundi
879 1995 991 2077 origine
1005 1994 1122 2077 propria
1136 2014 1205 2056 auc·
1323 2055 1326 2059 .

109 2080 228 2144 toritate
242 2079 353 2159 iecerit,
367 2083 407 2144 ita
421 2095 454 2145 ut
468 2081 564 2145 diuina
578 2080 715 2145 uoluntas
729 2101 760 2144 se
779 2083 841 2166 ipsa
859 2083 891 2145 in
908 2081 1015 2146 strictis
1032 2082 1162 2146 terminis
1174 2082 1210 2147 in·
1261 2089 1266 2096 '

109 2183 260 2232 aeternum
274 2169 444 2233 includeret.
455 2171 645 2254 Quapropter
657 2191 725 2234 cum
739 2172 816 2233 Mars
831 2171 867 2235 de
879 2173 1115 2254 Argonautarum
1127 2170 1208 2235 naui-
1273 2201 1275 2206 ·

108 2257 227 2338 gatione
241 2259 381 2342 queritur,
396 2259 526 2342 luppiter
538 2259 695 2342 respondet
709 2258 766 2322 hos
778 2257 838 2322 iata
851 2260 933 2344 sequi
947 2279 1021 2345 quae
1034 2260 1096 2344 ipse
1110 2278 1207 2324 rerunt
1226 2268 1238 2335 j
1353 2267 1355 2272 ’
1463 2224 1473 2347 ,⁵

108 2345 192 2408 initio
205 2348 348 2429 posuerit.

275 2507 278 2518 ¹
344 2528 419 2545 .....
426 2489 522 2543 Vetera
535 2487 601 2542 haec
615 2487 694 2542 nobis
708 2498 734 2543 et
747 2488 855 2542 condita
869 2500 982 2560 pergunt

226 2559 228 2566 '
264 2556 368 2614 Ordine
382 2569 476 2612 cuncta
491 2573 552 2621 suo,
568 2574 709 2630 rerumque
723 2573 739 2612 a
753 2559 871 2631 principe
884 2574 962 2613 cursu

107 2630 111 2637 '
264 2626 327 2681 Pisa
341 2639 469 2694 manent3
484 2645 518 2683 ne
537 2645 570 2683 ue
585 2631 658 2682 enim
673 2631 748 2684 terris
763 2640 820 2683 tunt
834 2631 941 2700 sanguis
950 2629 979 2683 in
989 2626 1049 2684 uilis

263 2697 360 2753 Noster
372 2645 578 2766 erat,cumiata
591 2697 697 2754 darem
700 2741 754 2756 .....
810 2767 813 2774 Ι

9 2821 10 2826 ¹
106 2837 136 2899 Si
157 2837 228 2901 iraec
248 2838 283 2900 ad
303 2837 368 2901 iilos
388 2841 466 2902 iouis
487 2839 524 2901 de
544 2840 688 2902 morituro
708 2840 820 2903 Colaxe
842 2854 962 2923 questus
982 2840 1201 2918 accommodas,

81 2943 83 2948 ·
106 2924 238 2988 Valerius
251 2925 390 2989 nonnulla
403 2947 471 2989 sane
485 2948 502 2990 a
517 2928 672 3010 Chrysippi
686 2928 778 2990 Stoici
797 2930 958 3011 praeceptis
977 2941 1125 2992 mutuatus
1138 2948 1203 2992 esse

9 3009 12 3056 1'
90 3053 92 3056 -
106 3011 158 3074 tibi
172 3011 335 3090 uidebitur;
351 3014 399 3075 iile
413 3015 490 3076 enim
504 3033 572 3076 curn
590 3015 723 3077 diuinum
741 3035 849 3078 numen
866 3029 897 3076 et
916 3015 1072 3077 humanam
1087 3015 1203 3077 liberta·

9 3159 10 3162 ,
106 3111 166 3159 tem
179 3100 254 3160 inter
266 3119 297 3160 se
311 3099 489 3177 conciliaret,
503 3095 602 3163 rerum
620 3101 792 3183 principales
810 3120 912 3164 musas
930 3102 994 3163 Deo
1016 3099 1199 3179 attribuebat,

9 3201 10 3204 ’
106 3184 249 3268 impetum
269 3205 354 3262 uero,
373 3207 433 3270 quo
452 3207 498 3250 res
515 3187 614 3250 statim
632 3185 746 3262 fierent,
766 3188 829 3255 aliis
846 3189 993 3272 principiis
1009 3207 1084 3271 quae
1100 3189 1137 3251 ad
1155 3208 1201 3251 res

106 3272 183 3352 ipsas
196 3287 225 3335 et
238 3273 373 3336 homines
388 3275 564 3356 pertinerent
573 3297 582 3352 3
592 3275 669 3336 idem
679 3293 798 3359 quoque
812 3289 845 3337 ut
858 3275 1024 3357 exemplum
1037 3276 1199 3358 cylindrum

9 3361 10 3436 ζ
105 3359 250 3440 quendam
264 3359 391 3438 adhibet,
406 3361 455 3444 qui
472 3365 550 3444 sp'er'
563 3362 655 3443 spatia
669 3375 761 3424 terrae
775 3380 870 3445 prona
884 3375 971 3446 atque
980 3363 1126 3446 deruptas
1141 3362 1199 3424 iac·

105 3457 164 3522 tus,
183 3447 220 3510 ab
237 3448 366 3511 hominis
383 3467 471 3511 manu
494 3472 510 3506 s
533 3467 651 3511 eausam
655 3492 711 3514 .....
737 3463 766 3512 et
791 3449 908 3512 initium
930 3450 1197 3534 praecipitantiae»

9 3595 10 3610 ,
105 3535 222 3619 excipit,
238 3537 342 3618 partim
356 3549 455 3598 tamen
473 3537 600 3618 primum
618 3550 647 3599 et
667 3535 754 3600 breue
773 3550 842 3620 post
860 3551 976 3619 tempus
992 3539 1197 3601 tantummodo
1281 3536 1285 3548 '

9 3629 10 3668 i
103 3635 224 3705 propter
239 3622 297 3684 hoc
316 3646 332 3679 s
348 3641 484 3705 praeceps
502 3621 631 3685 uoluitur
633 3663 693 3686 .....
706 3645 722 3682 s
741 3624 821 3706 quod
841 3646 858 3681 e
873 3624 912 3685 ita
929 3628 995 3687 sese
1011 3625 1117 3688 modus
1134 3624 1198 3687 eius

9 3699 10 3778 ὲ
104 3722 134 3772 et
147 3708 258 3772 formae
274 3708 438 3772 uolubilitas
451 3710 557 3773 habeti
572 3733 600 3774 s.
1205 3770 1209 3775 ι

9 3781 10 3834 3
143 3797 291 3879 Quicquid
312 3797 415 3873 idest,
438 3797 584 3859 Valerium
604 3799 635 3858 io
652 3797 708 3860 irac
731 3799 866 3861 carminis
888 3813 969 3881 parte
986 3818 1065 3861 noua
1082 3815 1198 3882 etpres-

104 3884 176 3945 sisse
198 3879 347 3945 latendum
367 3896 431 3960 est;
456 3903 525 3946 uere
547 3898 611 3946 tum
633 3883 828 3967 philosophus
851 3885 962 3961 euadit,
981 3884 1099 3986 laudem
1119 3883 1197 3948 bend

132 4103 151 4136 r.
161 4093 267 4138 Vaassen
277 4093 359 4146 Aram,
369 4093 456 4147 x,46⁸.
701 4105 721 4148 q.
731 4091 784 4138 vae.
793 4093 884 4150 arpa..
894 4093 912 4146 i,
923 4105 959 4150 5r¹
970 4106 1015 4151 sqq.
1080 4107 1082 4118 ·

91 4147 94 4156 “
131 4163 340 4216 svideiarssrrs,
358 4161 622 4222 waldoni-,m
700 4165 788 4216 anuas
808 4164 886 4210 uersu
907 4163 1206 4218 liudwardum

105 4226 139 4271 qs,
146 4225 182 4270 με
189 4227 237 4273 pers
246 4216 297 4268 lii·,
308 4226 355 4270 m.
676 4217 710 4262 sd.
723 4217 795 4262 ileo.
977 4256 981 4267 .
