2970 4802
787 651 890 735 VIII

658 907 703 971 De
727 907 925 972 orationum
947 925 1026 972 ueta.

330 1149 460 1214 Valerius
471 1151 637 1236 frequenter
653 1153 683 1215 in
703 1171 820 1216 carmen
838 1172 923 1216 suunt
943 1154 1091 1216 orationes
1108 1153 1220 1229 inserit,
1237 1153 1384 1218 rhetorico

292 1235 391 1321 lepore
405 1239 536 1316 refertas,
551 1242 657 1324 quippe
671 1243 720 1326 qui
734 1241 876 1304 scribendi
890 1243 959 1303 artis
973 1243 1010 1304 sit
1027 1243 1216 1324 peritissirnus
1234 1255 1264 1304 et
1283 1256 1385 1304 natura
1411 1289 1415 1298 .

291 1325 365 1389 elata
377 1341 407 1389 et
419 1327 567 1410 splendida
579 1331 703 1411 requirat
717 1344 746 1393 et
760 1329 948 1394 uehementer
966 1349 1067 1393 sensus
1085 1349 1205 1394 mouere
1219 1331 1301 1394 uelit.
1316 1331 1387 1392 Sae-

290 1415 354 1497 pius
372 1417 459 1500 igitur
476 1416 554 1500 apud
572 1436 640 1482 euna
661 1417 765 1482 bernes
785 1419 860 1482 inter
880 1436 912 1481 se
932 1418 1160 1505 colloquuntur3
1178 1418 1250 1482 nibil
1267 1419 1385 1504 quidem

150 1511 158 1522 ‘
289 1503 460 1586 elegantius,
474 1506 546 1568 nihil
560 1508 661 1569 aerius·
672 1507 833 1588 excogitari
851 1521 960 1590 potest,
980 1507 1031 1570 secl
1049 1520 1082 1570 ut
1099 1507 1157 1571 illie
1175 1521 1263 1592 poete
1281 1526 1384 1570 omnes

288 1611 426 1675 personas
440 1594 533 1656 induit
546 1595 703 1679 uariosque
716 1594 839 1658 allectus
853 1595 958 1678 pinxit,
973 1597 1013 1658 ita
1027 1596 1127 1677 grauia
1141 1597 1327 1679 potissimum
1341 1593 1384 1657 ai·

240 1743 241 1748 ,
287 1679 425 1759 fectauit3
441 1684 534 1746 irnnro
548 1685 579 1748 ln
597 1683 655 1746 boc
674 1684 789 1747 dicendi
808 1703 900 1766 genus
918 1683 1063 1747 tumidum
1082 1699 1111 1747 et
1129 1685 1281 1748 incitatum
1299 1702 1384 1766 saepe

286 1770 432 1845 incubuit,
455 1770 535 1852 quod
562 1771 598 1834 ab
625 1771 744 1836 huiusce
766 1773 868 1836 aetatis
896 1771 1060 1835 rhetoribus
1086 1774 1289 1856 usurpabatur.
1318 1774 1385 1836 Hoc
1409 1769 1428 1853 'f

287 1858 413 1922 multum
425 1861 462 1924 ab
473 1861 633 1943 Apollonio
648 1861 755 1934 differt,
771 1861 820 1945 qui
835 1879 911 1923 raras
925 1874 954 1924 et
967 1859 1114 1944 slmplices
1134 1861 1282 1926 orationes
1295 1861 1386 1924 inter·

287 1947 359 2010 dum
372 1948 510 2031 produxit
521 1973 531 2028 ;
543 1951 620 2032 apud
636 1950 713 2012 hunc
727 1951 805 2012 euim
818 1951 902 2012 lason
916 1961 946 2012 et
959 1951 1062 2012 Medea
1075 1951 1106 2011 in
1118 1951 1226 2012 mutuis
1241 1950 1385 2012 sermoni-

212 2095 215 2100 4
287 2034 353 2112 bus,
368 2049 397 2098 et
411 2038 569 2100 uaticinaua
583 2037 710 2101 Glaucus
723 2053 752 2100 et
767 2038 903 2114 Phineus,
917 2039 979 2100 siue
988 2039 1117 2121 queritur
1126 2039 1188 2100 siue
1198 2037 1294 2101 futura
1304 2055 1385 2119 prae-

288 2123 368 2198 dicit,
383 2137 414 2188 et
425 2125 530 2208 Cypria
543 2140 630 2209 atque
645 2127 717 2189 luno
730 2127 806 2188 inter
818 2145 849 2188 se
863 2126 1096 2210 congredientes,
1112 2126 1235 2209 denique
1249 2127 1279 2186 in
1293 2126 1384 2187 tertio

287 2210 364 2274 libro
385 2215 481 2296 Argus
502 2227 532 2276 et
554 2216 639 2276 Iason
661 2226 729 2276 ante
750 2233 851 2295 regem
875 2228 991 2276 orantes
1012 2213 1119 2276 eodem
1142 2213 1256 2276 dicendi
1276 2231 1383 2293 genere

195 2369 198 2376 .
288 2312 410 2361 utuntur
422 2300 503 2382 quod
516 2319 576 2363 non
588 2301 714 2364 multunr
725 2319 741 2362 a
751 2301 897 2362 cotidiene
910 2300 1121 2364 consuetudine
1135 2301 1254 2362 recedit.
1267 2300 1384 2382 Ubique

289 2388 361 2449 nitet
378 2387 495 2469 elegans
513 2399 542 2450 et
561 2388 675 2451 subtilis
696 2409 729 2451 ac
749 2390 856 2463 tenuis,
876 2388 1030 2451 adsensus
1050 2401 1149 2451 tamen
1169 2400 1253 2470 aptus
1273 2406 1382 2450 sermo.

288 2472 365 2536 ldas¹
381 2476 459 2537 enim
472 2477 534 2558 ipse
547 2489 578 2539 et
590 2479 714 2539 Aeetes²
728 2475 825 2538 furore
840 2477 941 2559 perciti
960 2477 1063 2539 acriter
1081 2487 1184 2537 contra
1203 2475 1384 2539 aduersarios

289 2561 449 2643 disputant,
473 2583 569 2648 neque
591 2579 688 2627 tamen
711 2565 748 2626 ad
770 2565 881 2626 tumida
903 2577 932 2627 et
954 2565 1041 2626 nimis
1064 2563 1193 2626 ardentia
1215 2564 1385 2638 incitantur,

289 2651 389 2726 Quare
402 2649 542 2714 nonlicet
556 2651 603 2714 hic
618 2651 764 2714 Valerium
780 2666 809 2714 et
822 2651 1013 2735 Apollonium
1025 2653 1101 2714 inter
1114 2669 1145 2713 se
1159 2650 1303 2714 conferre.

328 2741 457 2802 Primum
474 2739 522 2804 ille
540 2741 570 2802 in
588 2741 658 2823 ipsis
676 2740 856 2805 orationibus
875 2761 946 2825 quaa
966 2740 1054 2823 longe
1071 2740 1201 2802 imitatus
1220 2756 1277 2816 est,
1292 2739 1384 2802 multa

252 2851 258 2911 j
288 2827 426 2910 neglexit,
437 2829 518 2911 plura
533 2842 630 2891 autern
644 2831 819 2893 retractauit.
832 2830 878 2891 Sic
890 2829 990 2892 Phinei
1003 2827 1039 2890 de
1056 2828 1165 2890 misero
1177 2827 1229 2890 illo
1244 2829 1383 2890 Paraebio

287 2915 375 2976 uerba
387 2917 497 2991 omisit,
512 2917 580 2997 Lyci
594 2931 692 2980 autent
706 2917 781 2980 illius
799 2937 965 2979 sermonem
983 2915 1014 2976 in
1031 2914 1148 2977 breuius
1168 2917 1278 2998 coegit,
1295 2934 1383 2998 quern

289 3000 462 3084 Apollonius
479 3005 640 3068 memoriae
653 3025 722 3067 suae
735 3005 933 3088 indulgentem
947 3018 976 3066 et
995 3002 1140 3083 praeclara
1157 3001 1289 3065 Herculis
1307 3001 1384 3064 iacta

161 3111 164 3116 ·
287 3091 408 3172 copiose
420 3105 582 3155 nauantem
596 3093 783 3169 induxerat⁵;
798 3093 876 3153 idem
889 3090 937 3153 ille
952 3090 1038 3152 beros
1057 3109 1134 3152 nunc
1155 3104 1269 3153 tantum
1288 3090 1385 3172 Argo-

288 3177 385 3239 nautis
397 3179 557 3261 gratulatur
570 3179 650 3263 quod
669 3179 772 3242 Pollux
789 3178 898 3241 uiribus
915 3179 975 3240 suis
992 3176 1083 3239 fretus
1102 3178 1264 3259 Bebrycum
1283 3193 1384 3259 regern
1426 3261 1428 3267 y

290 3265 475 3346 oppresserit.
496 3269 572 3328 Curn
590 3268 674 3330 lason
692 3279 723 3328 et
736 3269 831 3348 Argus
844 3268 953 3327 Aeeten
967 3265 1085 3341 adeunt,
1101 3278 1182 3327 curat
1200 3264 1332 3327 Valerius
1350 3277 1384 3326 ut

289 3350 375 3434 plane
388 3351 469 3415 sileat
483 3356 590 3436 Argus,
605 3355 655 3438 qui
668 3355 699 3415 in
712 3355 827 3416 Graeco
845 3371 934 3434 opere
953 3354 1059 3434 primas
1077 3351 1182 3435 agebat
1200 3366 1315 3432 partea3
1330 3351 1383 3413 scd

289 3438 357 3502 inde
374 3439 406 3501 fit
419 3454 452 3503 ut
464 3440 545 3524 plura
558 3439 678 3522 debrgi
696 3441 829 3504 oratione
847 3441 878 3502 in
895 3440 1005 3502 lasonIs
1019 3440 1184 3503 orationem
1198 3439 1362 3501 transierint
1374 3459 1382 3515 ;

288 3539 359 3589 tuuc
372 3528 451 3589 enirn
466 3531 549 3590 lason
562 3529 624 3610 ipse
637 3529 673 3590 de
687 3528 883 3609 nauigationis
901 3545 987 3589 causa
1005 3541 1035 3588 et
1053 3526 1149 3589 Peliae
1168 3527 1283 3608 tyranni
1301 3545 1384 3588 man·

288 3612 363 3674 datis
389 3627 420 3676 et
445 3615 482 3675 de
508 3613 615 3677 Phrixo
641 3629 771 3697 cognato
798 3613 955 3698 loquitur&
972 3614 1066 3687 Quod
1093 3627 1191 3674 autem
1217 3615 1326 3674 Aeetae
1353 3627 1384 3674 et

286 3699 390 3761 Graeci
404 3701 539 3781 principis
552 3699 699 3785 colloquia
713 3699 796 3763 aliter
812 3700 967 3782 disposuit,
984 3699 1056 3760 nibil
1073 3713 1118 3761 est
1137 3701 1256 3775 minim,
1271 3701 1339 3782 quia
1351 3703 1383 3760 in

286 3784 336 3847 ssla
354 3787 496 3867 poematis
513 3799 595 3869 parte
614 3805 804 3870 personarum
823 3805 925 3848 sensus
947 3800 977 3847 et
998 3786 1141 3848 rationem
1162 3803 1221 3869 qua
1237 3805 1287 3873 pes
1305 3785 1383 3867 apud

286 3871 478 3954 Αροὶὶοαίηω
491 3873 567 3936 inter
578 3891 611 3936 se
623 3873 849 3936 conectebantur
862 3873 1038 3936 inmutauit.
1060 3872 1138 3935 Cum
1155 3873 1235 3934 enirn
1252 3871 1381 3935 Graecus

293 3996 486 4022 α--υ--Β--ι

186 4067 189 4072 ’
314 4035 652 4138 arando-...ntem
886 4080 949 4136 oi·-
961 4080 1237 4137 liutgero-mna·

314 4164 538 4224 tinnitum·
654 4173 663 4240 J
738 4194 742 4208 «
859 4150 1106 4258 Αρὼτῗηὶινξῧῗ
1120 4148 1160 4201 tu,
1176 4147 1381 4232 canfen-tas.
1447 4179 1450 4184 ⁴
