2970 4802
727 249 943 317 -86-

290 407 458 458 constanter
467 395 620 471 sustinere,
634 395 726 458 irnmo
739 395 833 478 possit
845 393 996 458 lacessere.
1013 395 1120 472 Ambo,
1132 409 1288 480 postquam
1303 396 1378 458 mori

290 496 395 545 mutuo
415 483 538 545 consilio
561 482 761 560 decreuerunt,
793 495 895 564 pacata
920 496 1018 545 ruente
1041 484 1148 546 Auerrd
1173 483 1241 546 Deis
1264 482 1380 545 inlen'as

288 569 398 632 iaciunt
407 583 437 632 et
450 568 697 654 quemadmodum
709 569 748 632 illi
763 569 853 632 Stoici
867 569 935 645 uiri,
948 569 997 654 qui
1010 590 1078 634 cum
1096 568 1132 634 de
1142 571 1203 633 uita
1213 568 1379 634 decederes

289 656 460 719 ueuissino
474 657 601 740 quodam
614 657 743 740 principe
756 655 932 732 iuberentur,
947 657 1032 720 finuo
1042 677 1076 720 ac
1086 658 1184 739 potius
1192 656 1270 720 laeto
1280 659 1378 719 naimo

290 743 424 805 mandata
437 745 554 826 exsequi
567 742 751 819 festinabant,
768 743 809 805 ita
826 741 920 804 Peliae
934 743 1022 806 iustas
1039 763 1151 826 poenas
1165 758 1195 806 et
1208 759 1335 806 mortem
1350 756 1380 806 et

289 832 401 892 ruinam
414 831 562 912 imprecati
576 829 757 913 nitoremque
770 829 863 892 filiurn
881 831 960 893 notis
973 845 1161 909 arcessentes,
1176 831 1261 894 auide
1273 830 1378 893 ueneni

249 917 251 922 ’
288 916 428 1000 poculum
447 916 594 993 hauriunt,
615 915 676 980 leto
694 918 772 1000 ipso,
792 929 825 978 ut
841 929 908 980 ante
926 918 1077 981 unanimes
1096 919 1238 996 uinctam,
1258 917 1380 980 nuncin

288 1017 438 1065 aeternnm
451 1003 627 1066 coniuncti¹.

327 1089 414 1153 Pauci
426 1102 493 1153 aunt
519 1089 567 1152 alii
594 1088 692 1175 quales
723 1089 869 1174 Meleager
899 1103 930 1154 et
954 1090 1110 1168 Telamon,
1137 1109 1263 1176 quorum
1277 1109 1379 1152 sensus

289 1179 399 1240 maiore
411 1195 479 1240 cura
493 1179 680 1260 expressisset
693 1177 747 1240 nisi
761 1191 828 1241 ante
842 1179 942 1240 omnia
955 1177 1009 1241 sibi
1021 1179 1052 1241 in
1065 1178 1163 1240 animo
1178 1179 1379 1261 proposuisset

263 1297 264 1302 .
288 1266 324 1328 ad
343 1263 439 1328 solnm
459 1266 592 1328 iasonem
612 1278 716 1328 cuncm
736 1265 865 1348 redigere
885 1267 971 1350 eique
989 1265 1078 1348 longe
1096 1267 1265 1349 praecipuas
1282 1279 1379 1349 partes

288 1351 408 1418 deferre.
427 1351 572 1416 Telamon
590 1353 681 1428 enim,
700 1350 774 1417 fidus
791 1351 839 1416 ille
853 1354 986 1418 Herculis
998 1355 1120 1430 amicus,
1134 1352 1276 1418 maiorem
1289 1352 1378 1416 animi

287 1441 421 1506 ardorem
433 1455 464 1504 et
474 1443 558 1518 uam,
572 1439 698 1504 Hercnle
711 1442 831 1515 amisso,
846 1440 923 1524 apud
937 1441 1127 1526 Apollonium
1142 1440 1313 1520 exhibebat3
1329 1441 1378 1526 qui

287 1528 404 1612 quidem
417 1527 549 1592 lmonem
561 1529 699 1592 atrociter
711 1527 877 1613 increpabat
889 1543 920 1593 et
932 1527 1129 1613 gubernaculo
1143 1530 1173 1593 ui
1186 1530 1274 1613 potiri
1290 1548 1380 1592 cona-

287 1617 370 1679 batur
388 1630 421 1680 ut
438 1618 474 1680 ad
493 1616 561 1680 litus
582 1636 687 1679 nauem
705 1630 829 1698 regeret,
850 1616 992 1680 clamores
1013 1630 1042 1680 et
1063 1617 1204 1702 querellas
1227 1631 1258 1682 et
1277 1635 1378 1701 preces

287 1703 494 1768 confundens&
509 1704 630 1768 Dulcior
642 1717 741 1768 autem
753 1704 831 1788 apud
844 1705 991 1768 Valerium
1006 1703 1132 1778 uidetur.
1145 1707 1244 1790 potius
1257 1723 1401 1790 gemens..

287 1812 374 1878 quarn
386 1794 422 1856 ad
436 1792 551 1855 ultimas
563 1793 656 1856 minas
668 1794 801 1856 inuecms
814 1806 845 1855 et
858 1812 927 1857 cum
939 1793 1090 1877 Meleagro
1104 1795 1199 1879 magis
1213 1813 1302 1878 quam
1311 1811 1379 1856 com

260 1916 263 1924 ·
287 1879 361 1944 duce
371 1881 437 1964 ipso
451 1881 612 1945 contendit.

492 1999 845 2079 comissimis
857 2023 1032 2079 emensus
1065 2039 1113 2078 ω

492 2091 636 2148 Illacrimat
647 2091 783 2167 multaque
796 2109 887 2150 comas
900 2039 1169 2153 Momtlumr.

288 2223 436 2308 Meleagro
456 2242 574 2309 quoque
598 2243 632 2287 ea
655 2222 756 2286 tribuit
779 2224 887 2308 ingenii
909 2225 979 2287 uitia
1002 2243 1086 2307 quae,
1110 2223 1201 2288 insius
1223 2224 1377 2306 descripta,

233 2395 236 2402 Ι
289 2313 325 2374 ad
337 2312 472 2375 carminis
485 2311 692 2376 iucunditatem
704 2311 828 2374 multum
841 2310 946 2374 addere
959 2325 1105 2395 poterant.

827 2484 905 2504 .....
908 2443 1061 2501 Porloribus
1075 2442 1121 2501 ille

469 2517 607 2572 Deteriora
620 2513 716 2571 ionem
740 2529 896 2588 semperque
910 2517 1013 2570 inuersa
1027 2517 1093 2571 tuerl

469 2587 558 2642 Drrrus
571 2598 597 2642 et
609 2585 680 2641 haud
694 2555 755 2642 ullis
768 2601 896 2658 umquam
909 2583 1066 2660 superabilis
1080 2589 1197 2660 aequis&

155 2746 158 2750 ·
290 2721 385 2804 Atque
397 2737 443 2781 res
456 2737 494 2783 eo
512 2719 606 2800 magis
627 2731 732 2800 poetae
754 2715 877 2800 legentis
899 2716 1133 2781 beneuolentiam
1153 2716 1379 2793 conciliauisset,

292 2807 371 2892 quod
390 2806 461 2870 nihil
480 2827 571 2890 prope
590 2805 628 2869 de
648 2805 698 2868 illo
720 2805 809 2868 heroe
826 2819 1040 2869 memorauerat
1060 2804 1244 2889 Apollonius.
1265 2806 1323 2870 Sed
1343 2806 1380 2870 ad

291 2897 424 2959 lasonem
435 2893 641 2958 tantummodo
656 2907 717 2956 erat
729 2894 867 2958 intentus.

331 2985 381 3046 ille
393 2986 470 3047 enim
483 2983 571 3065 longe
583 2984 686 3046 ceteris
698 2994 834 3066 praestet.
845 2983 884 3046 tu
892 2981 1023 3045 Valerius
1036 2994 1121 3064 tanto
1134 2983 1226 3066 magis
1239 2982 1276 3045 ab
1290 2983 1382 3065 Apol-

291 3073 374 3136 lonio
394 3069 556 3136 discedebat
576 3085 685 3156 quanto
704 3072 846 3134 maiorem
867 3070 1045 3154 diligentiam
1071 3072 1100 3132 in
1130 3067 1312 3153 depingenda
1334 3069 1382 3133 illa

292 3181 416 3245 persona
431 3158 595 3224 adhibebat.
609 3161 683 3222 Sane
699 3159 828 3223 Graecus
847 3172 934 3242 poeta
951 3158 1049 3222 multis
1070 3172 1100 3223 et
1120 3157 1271 3242 praeclaris
1291 3159 1383 3221 uirtu-

292 3249 370 3313 tibus
384 3248 505 3314 heroem
521 3249 654 3326 omauit;
669 3249 720 3333 qui
736 3266 880 3311 summam
898 3267 965 3330 prae
982 3266 1014 3310 se
1035 3247 1090 3310 fert
1110 3247 1210 3310 matris
1232 3247 1381 3310 cantarem

292 3356 362 3401 cunr
377 3336 456 3400 illam
472 3335 603 3401 dulcibus
620 3335 810 3420 benignisque
828 3333 924 3398 uerbis
942 3333 1025 3398 louet
1043 3334 1180 3398 uldmum
1199 3333 1380 3418 amplexusi,

293 3444 441 3489 summum
453 3445 571 3510 quoqne
583 3425 691 3510 patriae
703 3441 846 3499 amorem,
860 3420 937 3486 unde
946 3422 1133 3506 proficiscens
1143 3423 1269 3488 lacrimis
1278 3422 1382 3507 plenos

293 3513 524 3580 memroculos.

834 3657 913 3679 .....
918 3613 995 3690 elelp
1011 3617 1105 3686 'Maus

516 3687 641 3762 duapudttc
652 3689 722 3763 paine
737 3683 786 3744 ἆκό
798 3687 915 3762 sarpidus
928 3685 1022 3764 ὄμματ’
1036 3686 1141 3744 lstrm‘
1142 3728 1196 3750 .....

230 3957 236 3968 '
304 3891 670 3950 ¹nllaeaartdrgaa..lffipaqq.
728 3928 731 3936 .
854 3919 856 3926 ·
887 3888 1175 3954 p.Vae.Argaa.‚lll‚7a5.

292 3962 808 4071 ..numantinorum
885 3974 1065 4030 onam·

292 4083 726 4141 ..emmerammum-
889 4065 1228 4123 bmlrrrrwbrrtm·

294 4133 779 4247 :wssl'ffl'ffl'ffl'
888 4150 1095 4206 obsisterit·
1193 4215 1201 4226 ,
