2970 4802
538 341 771 408 -12,..

111 469 210 529 sertim
224 467 346 552 uestigia
360 469 465 530 insistit
478 488 547 531 cum
563 469 688 551 antiquis
709 467 812 529 fabulis
832 487 916 549 parce
937 469 1027 530 utitur
1045 474 1138 550 neque
1159 471 1203 530 ni·

112 553 165 612 mis
180 553 373 615 eruditionem
385 553 512 629 allectat,
527 554 578 616 sed
593 573 627 614 ea
640 553 774 614 libentius
788 566 913 635 praestat
933 571 1006 635 quae
1026 571 1148 615 mouere
1166 573 1202 616 ac

111 636 254 700 delectare
268 640 390 720 possint.
407 639 492 712 Quot
506 640 593 701 uariis
607 639 767 700 rationibus
779 651 921 700 terrorem
934 651 963 700 et
976 637 1201 700 misericordiam

111 723 240 787 incutere
260 724 379 788 nititurl
400 725 478 788 Tum
498 745 567 788 uere
586 727 751 788 Romanum
768 745 800 788 se
817 725 907 809 aperit
927 739 1026 808 poeta.
1045 727 1203 811 Quaprop-
1251 751 1253 756 ¹
1298 791 1302 800 ,

110 825 156 872 ter
183 814 268 877 lason
290 812 349 888 ille,
374 813 490 897 qualem
513 814 637 892 induxit,
660 812 812 897 praeclaris
833 813 987 878 uirtutibus
1014 827 1046 877 et
1070 815 1202 898 corporis

111 901 215 982 uigore
229 915 259 964 et
272 903 360 964 animi
375 903 404 964 ui
423 902 524 979 fretus,
539 904 570 966 in
583 903 676 986 prims
689 904 751 964 acie
765 922 909 985 pugnans,
923 903 985 984 ipse
998 921 1116 987 quoque
1133 921 1203 965 uere
1252 970 1255 977 ,

113 987 265 1055 Romanus
280 989 402 1053 exsistit.
419 991 495 1052 Hinc
506 991 584 1052 enim
602 990 733 1051 Valerius
751 1003 861 1052 tantam
879 989 997 1071 proeliis
1014 989 1203 1072 depingendis
1278 1063 1287 1072 .

113 1098 213 1145 curam
226 1076 331 1139 attulit.
349 1078 434 1152 Quae
448 1078 548 1140 omnia
562 1076 698 1141 bellicum
712 1091 752 1153 et,
768 1090 801 1139 ut
818 1077 931 1140 Horatii
947 1076 1039 1139 uerbo
1057 1091 1132 1154 utar,
1146 1091 1205 1140 tra·

113 1170 212 1250 gicnm
226 1165 374 1247 spirantia,
389 1165 544 1247 praecipue
557 1162 699 1226 debebant
711 1177 829 1246 gentem
843 1163 922 1226 illam
942 1162 1095 1241 delectare,
1115 1183 1201 1248 quae,

113 1273 290 1341 quamquam
304 1252 410 1316 sensim
424 1251 584 1337 gliscebant
597 1252 626 1314 in
640 1270 675 1315 ea
693 1251 816 1316 mollitia
838 1266 867 1316 et
889 1252 987 1328 lusus,
1011 1251 1106 1315 adbuc
1125 1251 1203 1315 rudis

112 1357 245 1408 ueterum
260 1341 427 1404 Latinorum
442 1340 610 1423 disciplinae
622 1341 744 1423 uestigia
757 1340 900 1425 quaedam
914 1341 1053 1416 retinens,
1067 1340 1204 1426 quicquid
1287 1365 1292 1370 ·

113 1449 236 1514 magnos
251 1441 280 1490 et
294 1428 481 1510 uehementes
495 1448 597 1490 sensus
610 1429 776 1490 concitabat
788 1428 818 1490 id
832 1448 921 1491 omne
938 1427 1050 1490 solebat
1069 1426 1202 1510 probare.

111 1522 180 1584 Non
205 1532 304 1581 tamen
319 1514 450 1578 Valerius
472 1515 634 1578 interillos
657 1515 845 1578 heroicorum
867 1515 1028 1578 carminum
1050 1516 1204 1598 scriptores

113 1604 308 1670 numerandus
321 1617 364 1666 est
379 1603 428 1687 qui
443 1606 591 1667 Romanae
609 1604 735 1666 ciuitatis
749 1605 866 1686 egregia
878 1602 1009 1666 facinora
1021 1604 1203 1681 cecinerunt3

113 1693 202 1758 semel
218 1693 295 1754 enim
309 1704 423 1754 tantum
436 1692 466 1754 in
479 1711 513 1754 ea
527 1692 624 1774 operis
637 1705 718 1775 parte
732 1711 790 1776 qua
803 1692 951 1754 Hesionen
970 1690 1119 1754 liberatam
1140 1709 1205 1754 nar-

114 1783 200 1856 rauit,
215 1781 295 1842 ciues
308 1798 379 1842 suos
392 1777 497 1857 obiter,
511 1779 667 1842 occasione
681 1779 790 1855 oblata,
799 1777 937 1842 laudauit.
948 1779 1050 1862 Neque
1059 1798 1130 1842 uero
1141 1799 1206 1841 om·

115 1872 185 1932 nino
199 1867 364 1951 aequalium
377 1886 498 1929 suorum
514 1887 610 1929 mores
624 1867 768 1951 neglexit3
783 1868 911 1951 magicas
925 1868 1003 1930 enim
1023 1867 1142 1930 Medeae
1162 1885 1207 1928 ar·

117 1973 160 2020 tes
172 1977 233 2019 non
247 1957 309 2018 sine
322 1974 410 2018 causa
423 1955 589 2028 illustrauit,
607 1975 645 2019 eo
668 1969 802 2038 tempore
823 1975 882 2040 quo
905 1954 1060 2018 tollebatur
1074 1969 1208 2018 ueterum

65 2043 76 2054 ’
116 2045 230 2128 religio,
246 2062 341 2106 nouae
353 2057 451 2105 autem
465 2057 494 2104 et
509 2057 644 2106 ettemae
657 2045 877 2128 superstitiones
888 2043 994 2106 cotidie
1004 2042 1205 2106 nascebantur.
1224 2085 1229 2092 -

154 2132 327 2198 Rhetoricae
345 2129 493 2195 doctrinae
512 2145 665 2216 praecepta
679 2133 795 2216 egregie
809 2131 957 2211 adhibuit;
980 2131 1038 2194 lroc
1057 2150 1129 2195 uero
1146 2149 1208 2194 non

115 2222 212 2285 solunt
226 2219 262 2284 ad
277 2221 339 2284 eius
353 2220 513 2304 ingenium,
528 2221 680 2283 sedetiam
695 2221 730 2283 ad
744 2236 871 2284 aetatem
883 2240 940 2304 qua
949 2221 1022 2283 uixit
1034 2219 1206 2304 pertinebat.

115 2312 254 2373 Ceterum
269 2307 323 2371 bac
337 2309 398 2390 ipsa
413 2328 444 2370 re
456 2309 582 2371 maxime
594 2309 628 2372 ab
641 2307 802 2391 Apollonio
816 2309 921 2370 distat:
936 2309 1018 2370 cuius
1036 2311 1166 2389 leporem
1179 2321 1209 2369 et

116 2396 238 2460 mollem
252 2394 425 2478 elegantiam
438 2410 469 2457 et
481 2395 586 2458 subtile
599 2393 671 2458 iilud
684 2395 798 2459 dicendi
819 2415 911 2478 genus
924 2409 955 2457 et
974 2394 1151 2479 singularem
1171 2393 1208 2457 ad

117 2503 221 2548 uerum
240 2481 381 2566 quidlibet
399 2483 578 2546 describendi
596 2497 689 2546 artem
710 2483 791 2546 nullo
812 2483 903 2546 modo
927 2483 1048 2545 effinxit.
1071 2483 1158 2557 Quae
1176 2495 1210 2544 ut

117 2573 190 2636 leuis
204 2584 420 2654 unguentorum
433 2589 537 2653 uapor,
557 2575 752 2635 euanueru‘nt.'
773 2570 830 2634 Sed
853 2571 915 2633 uim
937 2582 967 2634 et
988 2571 1161 2652 grauitatem
1178 2581 1209 2632 et

116 2659 285 2745 splendidos
311 2659 438 2734 colores,
458 2679 679 2742 nonnumquam
706 2660 794 2722 etiam
816 2661 938 2722 nimium
957 2658 1078 2744 aliquod
1104 2659 1210 2721 uerbo-

118 2768 182 2810 rum
198 2748 313 2832 pondus
326 2746 469 2812 exhibuit.
485 2746 563 2809 Nihil
577 2747 654 2830 apud
672 2764 741 2810 eum
762 2747 902 2810 familiare
926 2761 956 2810 et
976 2746 1126 2810 cotidiano
1142 2746 1209 2810 usui
1256 2745 1259 2750 “
1311 2725 1340 2828 ⁸,

118 2851 218 2920 aptum
232 2835 353 2913 dicitur;
369 2855 484 2918 semper
496 2836 533 2898 ad
547 2835 671 2910 excelsa,
686 2855 748 2899 uon
761 2837 823 2899 sine
843 2837 956 2919 maguis
976 2834 1128 2899 conatibus
1145 2846 1209 2898 ten·

117 2927 170 2989 dit.
194 2924 333 2988 Breuibns
356 2937 452 2986 tamen
475 2924 624 2987 sententiis
645 2923 816 3002 delectatus,
844 2925 956 3001 stilum,
985 2939 1018 2988 ut
1040 2925 1081 2987 ita
1101 2923 1207 3000 dicann

77 3072 82 3082 .
119 3013 214 3078 ualida
228 3033 316 3076 manu
328 3025 444 3088 tractat,
458 3013 507 3096 qui
521 3033 608 3097 saepe
621 3014 650 3075 in
664 3011 867 3076 adumbrandis
881 3011 982 3098 liguris
995 3013 1143 3098 aliquanto
1157 3011 1210 3075 du·

118 3104 178 3167 tior
190 3104 334 3165 uideatur.
351 3103 540 3184 Quapropter
552 3099 725 3165 artificiosus
739 3101 788 3164 ille
802 3115 888 3184 poeta
898 3121 959 3164 non
973 3120 1087 3186 semper
1101 3115 1210 3163 tantam

119 3190 358 3266 misericordiam,
369 3204 482 3252 tantum
496 3192 646 3252 horrorem
656 3189 742 3252 nobis
750 3191 855 3253 incutit
865 3203 1005 3274 quantum
1014 3191 1044 3254 in
1052 3189 1210 3273 legentium

119 3295 232 3344 mentes
245 3279 423 3343 induturum
431 3278 573 3361 sperauit3
583 3297 687 3364 segnes
698 3278 776 3341 enim
789 3298 844 3342 nos
853 3277 942 3342 efficit
950 3279 1038 3342 nimia
1047 3279 1116 3342 artis
1124 3275 1212 3341 allec·

119 3369 203 3445 tatio,
220 3383 249 3431 et
262 3369 354 3451 magis
368 3365 452 3429 nobis
466 3367 580 3449 placent
593 3381 766 3451 quaepoeta
774 3381 880 3451 sponte
888 3386 941 3430 sua
951 3387 987 3430 ex
997 3368 1096 3430 animo
1105 3363 1209 3430 effudit

120 3477 208 3541 quam
220 3477 295 3538 quae
309 3456 419 3539 ingenti
433 3455 537 3517 mentis
549 3457 739 3518 contentione
751 3455 942 3538 exprompsit.
964 3455 1138 3539 Plerumque
1156 3454 1211 3538 igi·

119 3557 167 3606 tur
188 3543 362 3627 Apollonius
385 3542 558 3624 elegantiam
580 3558 610 3606 et
631 3544 785 3607 ueritatem
806 3543 936 3628 requirit,
960 3542 1092 3607 Valerius
1113 3555 1210 3605 autem
1238 3577 1241 3584 ‹

120 3647 221 3695 noster
234 3633 333 3715 grauia
348 3647 377 3694 et
391 3631 485 3694 ualida
499 3645 529 3693 et
547 3631 658 3715 ingenti
679 3633 790 3716 impetu
811 3647 893 3714 rapta
915 3631 1110 3716 oratoriisquc
1127 3649 1212 3695 orna·

120 3721 226 3784 mentis
239 3739 326 3804 saepe
338 3721 446 3784 fucata.
890 3731 892 3736 '

84 3843 86 3846 ·
158 3813 198 3874 At
212 3824 290 3873 certe
302 3829 363 3874 non
376 3809 431 3873 init
445 3809 621 3891 spemeudus
635 3807 776 3892 scriptor;
787 3829 854 3872 nam
863 3810 998 3894 quotiens
1007 3809 1213 3891 ingentesaen-

120 3918 169 3960 sus
182 3898 324 3981 depingit,
339 3899 445 3960 mirum
458 3909 502 3959 est
515 3909 655 3980 quantum
668 3897 730 3961 eius
743 3898 838 3960 oratio
857 3917 925 3960 cum
946 3897 1017 3980 ipsis
1037 3897 1122 3961 rebus
1138 3895 1212 3960 bene

80 4035 85 4047 .
122 3999 275 4068 congmat.
289 3984 494 4049 Vidimusiam
510 3998 540 4047 et
558 3984 720 4067 significare
742 3987 841 4048 conati
862 4004 965 4049 sumus
987 4004 1076 4070 quam
1093 3982 1213 4048 idiciter
1315 4007 1321 4018 ·

121 4092 182 4136 non
197 4071 288 4136 semel
299 4071 450 4156 Apollonii
464 4071 570 4136 Rhodii
580 4090 656 4156 opus
669 4075 878 4138 retractauerit.
892 4073 1018 4138 Carmen
1030 4073 1120 4158 igitur
1131 4089 1213 4136 corn·

122 4160 222 4244 posuit
235 4162 315 4247 quod
329 4161 412 4224 omui
426 4160 524 4224 seruili
542 4160 704 4224 imitatione
725 4162 856 4225 immune
877 4162 1005 4240 uidetur,
1023 4178 1119 4246 neque
1134 4173 1180 4224 est
1195 4179 1213 4222 a
1327 4169 1331 4175 '

122 4250 246 4333 posteris
264 4248 494 4333 despiciendum.
514 4248 583 4313 Non
606 4249 742 4334 equidem
764 4264 838 4335 puto
862 4247 964 4354 lalsam
985 4249 1022 4314 de
1044 4267 1082 4313 eo
1099 4261 1214 4320 senten·

243 4373 467 4407 nnmmm.
706 4378 708 4383 ’
1096 4375 1110 4420 s
