2970 4802
700 301 936 370 ..108-

270 452 417 514 meionem
432 451 547 513 diuinos
559 470 661 512 sensus
675 449 892 532 introspiciendi
911 461 942 510 et
954 447 1114 510 illustrandi
1128 446 1266 532 neglegit.
1282 448 1365 523 Qua·

270 555 389 620 propter
420 555 451 599 ut
483 551 597 620 aperte,
626 537 760 620 quamuis
788 537 908 599 nimium
935 535 1101 613 moderate,
1126 534 1240 597 Pallada
1268 536 1363 597 laconi

268 625 415 686 fauentem
429 624 550 698 effinxit,
565 626 605 687 ita
619 643 720 707 parum
735 624 804 686 utile
818 623 929 705 putauit
948 635 1087 706 quantam
1102 641 1222 704 operam
1237 622 1273 683 ad
1288 637 1365 685 stru·

270 712 373 773 endam
391 730 496 773 nauem
517 713 660 774 attulisset
683 709 847 786 ostendere,
869 710 984 793 aliquot
1003 709 1135 772 uersibus
1155 709 1362 772 tantummodo

224 877 228 884 ⁶
268 819 352 875 usur,
366 798 470 882 quihus
484 799 664 881 praeclarum
677 799 748 861 illud
762 818 868 861 munus
886 798 969 882 quasi
987 798 1018 861 iu
1032 797 1153 860 transitu
1167 795 1363 881 significatum

269 897 341 952 est¹.
362 888 525 950 Fatebimur
545 907 664 972 quoque
682 906 738 950 nos
760 906 820 950 non
841 886 926 968 plane
944 884 1113 968 intellegere
1134 904 1187 948 cur
1204 888 1281 948 Hera
1303 899 1363 948 tam

269 975 399 1057 impense
412 976 545 1038 iasonem
559 989 673 1038 tueatur
685 987 716 1036 et
729 973 881 1058 quomodo
901 973 1040 1036 aduersos
1054 986 1084 1036 et
1097 973 1173 1036 inter
1186 993 1217 1035 se
1231 993 1365 1056 pugnan-

268 1075 312 1124 tes
325 1082 426 1124 sensus
445 1061 600 1126 conciliare
619 1063 722 1145 possit,
742 1063 849 1145 quippe
863 1079 938 1145 quae
953 1081 1020 1144 erga
1033 1060 1206 1124 Thessalum
1221 1060 1362 1137 benefica,

268 1171 337 1234 erga
354 1150 510 1214 Herculem
527 1151 565 1213 sit
582 1150 790 1213 inimicissima.
810 1151 891 1225 Quid
909 1151 988 1212 enim
1005 1149 1142 1232 proderat
1162 1169 1227 1211 eam
1240 1149 1364 1211 libenter

266 1239 365 1303 herois
384 1240 532 1302 caritatem
552 1253 636 1320 grato
657 1240 755 1301 animo
779 1239 937 1322 rependere
955 1251 985 1300 et
1003 1237 1040 1300 de
1057 1237 1108 1300 illo
1123 1237 1170 1300 die
1184 1238 1361 1314 meminisse,

266 1348 328 1411 quo
350 1327 403 1390 suh
424 1347 502 1390 anus·
518 1327 668 1390 cuiusdam
695 1327 792 1410 specie
814 1327 970 1390 interram
990 1340 1022 1389 ut
1036 1325 1191 1388 bominum
1205 1339 1319 1389 meotes
1333 1339 1363 1388 et

265 1416 360 1478 studia
373 1417 549 1496 experiretur
561 1429 675 1492 euecta,
689 1435 706 1477 a
725 1417 826 1478 iasone
843 1415 1028 1478 adulescente
1046 1428 1124 1477 trans
1143 1418 1292 1477 llnaurum
1306 1413 1362 1476 flu·

265 1522 335 1565 men
347 1503 472 1587 benigne
490 1517 604 1585 portata
622 1518 711 1579 esset,
726 1504 750 1565 si
769 1503 888 1585 quidem
909 1503 1063 1566 Herculem
1077 1521 1168 1564 unum
1182 1522 1218 1564 er
1232 1502 1364 1564 firmissi-

263 1593 320 1654 mis
343 1607 372 1654 et
394 1590 559 1655 fortissimis
582 1593 664 1654 ducis
689 1590 844 1654 comitibus
872 1592 901 1653 in
923 1590 1033 1654 multos
1056 1609 1169 1654 errores
1193 1590 1376 1674 multosque'

262 1679 378 1743 labores
401 1681 570 1742 saeuissime
592 1679 751 1742 deduxit’?
775 1681 877 1762 Neque
904 1699 975 1742 uero
1003 1679 1073 1743 satir
1096 1677 1221 1742 dilucide
1243 1691 1362 1761 apparet

262 1770 355 1829 Deam
369 1767 448 1830 illam
462 1787 521 1830 non
537 1767 633 1830 solunt
648 1767 722 1830 leuis
735 1767 781 1829 sui
795 1767 890 1830 mariti
903 1767 996 1829 filium
1006 1767 1077 1830 odio
1087 1780 1271 1848 persecutam
1285 1785 1379 1844 esse,-

261 1854 314 1918 sed
335 1857 423 1918 etiam
442 1857 620 1938 pertinacem
645 1857 674 1918 in
696 1857 794 1918 Pelian
815 1855 947 1918 dolorem
966 1855 1131 1938 percepisse
1153 1853 1236 1936 quod
1256 1855 1292 1918 ab
1309 1853 1361 1916 illo
1444 1937 1445 1940 Ἴ

261 1944 392 2025 principe
407 1942 477 2004 olim
492 1943 521 2005 in
535 1944 676 2006 conuiuio
696 1943 828 2026 neglecta
841 1957 870 2004 et
884 1943 978 2006 derisa
991 1953 1096 2005 essert.
1114 1945 1176 2004 Hae
1189 1957 1290 2005 autem
1303 1961 1359 2018 res,

262 2031 287 2092 si
302 2030 392 2093 uellet
405 2045 507 2112 poeta,
521 2029 654 2112 depromi
668 2045 815 2113 poterant,
830 2049 904 2114 quae
922 2028 1045 2112 legentis
1062 2031 1192 2094 animum
1206 2043 1361 2092 mouentes

166 2185 169 2194 ,
264 2118 312 2180 uel
325 2118 514 2195 delectantes,
531 2119 772 2202 significauissent
783 2132 926 2202 quatenus
940 2121 1013 2195 Dea,
1032 2118 1210 2202 Argonautis
1227 2116 1362 2202 frequen·

262 2219 308 2267 ter
320 2206 454 2268 auxiliata
463 2207 563 2291 eisque
572 2207 696 2269 reditum
707 2220 865 2283 maturans,
877 2206 929 2269 sibi
941 2219 1073 2288 optatam
1083 2207 1225 2268 ultionem
1235 2221 1358 2287 pararet.

265 2295 308 2355 Ut
333 2293 460 2356 breuiter
486 2293 593 2368 dicam,
622 2294 795 2376 Apollonius
821 2293 1029 2378 quodcumque
1057 2296 1188 2356 Deorum
1213 2294 1304 2376 gestis
1331 2305 1361 2354 et
1421 2333 1425 2341 -

234 2447 242 2460 ,
263 2381 429 2444 ministeriis
460 2381 604 2444 rationem
630 2380 774 2464 quandam
802 2382 913 2444 adicere
941 2394 1066 2464 poterat,
1095 2381 1124 2444 id
1149 2401 1238 2444 omne
1259 2381 1360 2444 omisit

263 2488 360 2552 neque
373 2470 442 2532 satis
456 2469 609 2549 diligenter
622 2489 725 2530 eorum
738 2489 840 2532 sensus
853 2470 993 2552 depinxit.

301 2557 376 2618 Sane
388 2555 573 2639 Apollonius,
588 2556 659 2618 dum
672 2556 750 2617 illam
764 2557 842 2619 louis
858 2575 1014 2639 personam
1027 2555 1152 2638 effingit,
1167 2557 1316 2639 ingentem
1331 2570 1360 2619 et

261 2663 330 2706 uere
343 2645 494 2726 pulchram
508 2645 623 2706 diuinae
635 2645 789 2726 potestatis
804 2645 961 2728 imaginem
975 2665 1075 2707 secum
1086 2645 1116 2705 in
1131 2645 1230 2706 animo
1244 2643 1362 2706 uidetur

262 2729 406 2808 habuisse,
419 2751 507 2816 quam
521 2731 616 2793 nullus
632 2751 703 2807 non,
719 2731 880 2795 dummodo
895 2752 912 2794 e
931 2730 1134 2814 philosophiae
1152 2730 1235 2794 fonte
1256 2732 1361 2794 hause·
1390 2783 1392 2788 .

261 2818 310 2894 rit,
323 2820 456 2882 admirari
470 2819 584 2882 debeat.
600 2819 657 2882 Sed
670 2833 768 2881 tamen
782 2819 910 2903 plerique
929 2821 982 2882 Dei
1001 2819 1079 2881 illam
1095 2819 1228 2904 poeticam
1245 2822 1357 2902 magni·

262 2907 392 2972 tudinem
411 2921 568 2983 exuerunt,
580 2929 637 2990 qua
655 2908 731 2990 apud
750 2909 914 2970 Homemm
931 2921 1012 2970 erant
1030 2909 1137 2970 ornati.
1152 2908 1226 2970 Nam
1247 2910 1360 2991 antiqui

260 2993 301 3056 illi
316 2997 383 3072 Dei,
396 3015 570 3080 quamquam
585 3016 689 3058 eorum
703 2997 814 3078 species
828 2996 1049 3080 quodammodo
1064 2997 1221 3078 puerilibus
1235 3011 1265 3058 et
1279 2998 1360 3079 inge·

262 3083 326 3144 nuis
352 3084 496 3147 mentibus
519 3083 634 3145 uidetur
659 3104 723 3146 esse
749 3083 855 3160 efficta,
875 3075 1101 3166 ‘magnam'ulnt
1125 3097 1155 3145 et
1178 3085 1359 3146 maiestatem

263 3169 437 3251 praeferunt,
449 3172 557 3256 quippe
571 3173 620 3257 qui
635 3173 725 3256 ipsius
739 3191 835 3235 retum
849 3186 967 3235 naturae
980 3185 1010 3235 et
1024 3173 1115 3235 totius
1130 3172 1232 3234 mundi
1246 3173 1315 3248 sint,
1326 3185 1359 3236 ut
1383 3212 1387 3218 -

261 3259 301 3319 ita
327 3260 434 3336 dicam,
464 3275 560 3345 partes
587 3263 750 3337 animatae;
775 3261 875 3342 quales
897 3261 1027 3342 depinxit
1051 3263 1209 3335 Homerus,
1232 3261 1296 3323 siue
1322 3280 1379 3323 ex‘

260 3345 395 3408 aetherea
407 3347 476 3408 sede
489 3347 613 3409 nitentes
626 3346 761 3409 homines
774 3346 907 3428 benignis
921 3346 969 3408 uel
986 3346 1115 3408 aduersis
1135 3345 1229 3408 oculis
1242 3347 1359 3429 conspi-

166 3510 170 3517 .
261 3433 354 3509 ciunt,
373 3433 421 3496 uel
440 3447 560 3517 propter
577 3433 644 3496 illos
662 3434 762 3517 iurgiis
782 3434 858 3497 inter
875 3453 909 3496 se
930 3433 1132 3510 contendunt;
1147 3435 1210 3497 siue
1229 3433 1357 3497 humana

204 3523 206 3526 ’
260 3523 357 3602 specie
370 3523 462 3584 induti
476 3523 550 3584 inter
563 3521 701 3584 mortales
714 3536 867 3599 uersentur
877 3535 909 3584 ut
917 3521 980 3583 aliis
990 3521 1118 3596 faueant,
1130 3520 1191 3583 aliis
1204 3521 1360 3584 aduetseo·

259 3621 319 3683 tur,
341 3607 419 3671 bona
441 3609 575 3692 malaque
597 3610 764 3671 ciuitatibus
787 3607 909 3690 singulis
936 3623 965 3671 et
992 3608 1160 3676 hominibus
1183 3607 1355 3672 adferentes.

258 3692 338 3757 Nihil
351 3709 450 3758 autem
462 3694 520 3759 tale
533 3697 610 3780 apud
624 3695 817 3778 Apollonium
830 3696 954 3778 reperias
966 3717 975 3772 ;
991 3693 1038 3758 bic
1053 3695 1132 3758 enim
1146 3697 1225 3758 louis
1239 3693 1356 3778 fulgura

258 3781 356 3858 silent,
377 3802 473 3866 neque
495 3804 627 3848 summus
647 3784 697 3846 ille
716 3785 849 3846 Deorum
869 3783 1084 3868 hominumque
1103 3796 1186 3866 pater
1204 3782 1266 3846 ullo
1283 3795 1356 3846 nutu

1184 3869 1203 3900 N
1253 3889 1256 3896 .

211 4087 214 4093 “
284 4026 306 4122 h.
316 4017 526 4137 margon&
534 4029 629 4124 :mlh
637 4092 663 4126 ta
672 4079 740 4124 Vaut
750 4092 778 4124 ιι
794 4079 911 4132 Ιιιιιιι.
925 4086 958 4137 ep.
968 4075 1037 4132 laed,
1048 4080 1088 4132 lli,
1098 4090 1117 4123 ι.
1133 4079 1178 4132 Qui
1192 4088 1271 4132 tenu,
1285 4080 1311 4123 ad
1325 4079 1356 4122 la·

258 4131 320 4175 tatas
328 4133 383 4188 ipae·
391 4135 414 4174 ia
424 4135 497 4190 primis
510 4134 631 4190 raapkteaa,
645 4131 699 4176 talea
709 4133 842 4177 dificultate·
852 4132 952 4192 ιιςίιςιι.
961 4153 989 4166 ·-
998 4131 1034 4177 cl.
1045 4135 1236 4186 ΙΙιιιιιιιιαιιι,
1245 4139 1280 4192 ι).
1289 4132 1357 4182 lead..

262 4184 558 4242 wemma-tinet·

287 4241 813 4304 t=m¹¹r⁰u0brunellus-‘nutt-
943 4247 945 4254 '
