2996 4792
107 347 210 392 nauem
224 327 347 410 pertinet
361 326 461 388 eadem
476 325 624 408 diligentia
645 337 689 386 est
708 323 873 386 adsecutus.
895 322 1015 386 Nullum
1035 325 1113 386 eninr
1131 323 1191 385 sere

107 433 150 479 est
165 415 367 487 ministerium,
382 413 460 476 nulla
472 429 626 475 nautarum
639 431 728 495 opera
740 412 804 474 sine
817 410 853 473 ad
874 410 1064 474 concitandos
1083 430 1191 488 remos,

106 507 168 566 siue
181 501 216 565 ad
231 500 380 584 pandenda
395 502 442 563 uel
456 500 653 564 contrahenda
667 499 731 563 uela
745 499 834 575 utilis,
849 518 937 582 quam
956 519 1018 562 non
1037 499 1192 562 notauerit.

107 594 205 666 Quare
218 609 279 652 non
295 590 467 671 superuacui
488 601 555 650 sunt
575 605 670 672 neque
691 586 863 650 scholiastae
881 587 1083 650 commentarii
1100 604 1193 670 neque

106 678 272 762 praesertim
292 674 530 738 doctissimorum
548 677 650 744 aetatis
668 689 784 737 nostrae
797 675 965 738 criticorum
982 673 1057 750 libri,
1073 687 1106 737 ut
1123 673 1194 736 tales

107 783 206 827 uersus
219 761 441 846 quodammodo
462 761 672 846 explanentur;
692 774 723 824 at
742 781 839 824 rursus
861 781 897 824 et
918 760 963 822 bis
982 759 1055 836 lucis
1075 781 1092 822 a
1111 759 1195 824 nobis

107 853 213 936 petitur
226 849 361 933 antiquae
373 848 483 912 naualis
498 851 566 913 artis
579 849 710 914 scientia.
726 849 785 925 Sic,
798 863 831 911 ut
843 847 981 932 exemplis
996 847 1106 932 aliquot
1120 861 1194 923 utar,
1305 861 1311 872 ·

107 939 221 1020 elegans
234 936 282 1001 ille
296 951 326 1000 et
339 937 444 1001 doctus
457 951 545 1022 poeta
558 937 659 1000 sunem
672 936 817 1021 significat
836 937 886 1020 qui
907 935 989 1000 nauis
1009 935 1097 1000 latera
1116 936 1195 1000 nodo

105 1028 195 1108 cingit
215 1045 275 1109 quo
296 1022 400 1088 ¹eorum
421 1040 516 1110 partes
536 1028 611 1088 inter
632 1045 663 1088 se
686 1026 779 1108 aptius
800 1025 976 1089 cohaereant
993 1037 1023 1086 et
1038 1043 1196 1108 compages

106 1113 217 1198 paxillis
238 1111 350 1176 firmius
373 1112 590 1192 destinentur¹;
610 1127 675 1176 tum
694 1111 922 1198 gubernaculum
944 1125 973 1175 et
992 1111 1142 1175 carbasm
1161 1110 1197 1173 atl
1217 1179 1221 1184 ,

106 1202 286 1284 superiorem
301 1199 369 1263 mali
381 1216 494 1284 partem
508 1213 637 1264 erectam
649 1217 679 1264 et
696 1199 833 1264 rudentes
854 1201 884 1262 in
903 1198 1033 1263 tabulato
1054 1219 1105 1283 per
1124 1198 1199 1262 fibu-

106 1290 147 1352 las
161 1289 315 1352 traiectos²
329 1291 452 1373 propriis
465 1288 560 1353 uerbis
580 1290 731 1376 designat;
752 1288 821 1352 alias
841 1291 929 1352 etiam
943 1287 1124 1352 demonstrat
1141 1307 1199 1373 qua

106 1379 216 1440 ratione
230 1378 370 1460 componi
383 1377 507 1441 debeant
520 1392 701 1441 transuersae
709 1378 775 1441 iliae
783 1376 889 1454 trabes,
901 1376 1109 1462 quaemediam
1117 1377 1198 1440 nauis

23 1493 24 1497 ¹
106 1481 215 1550 partem
230 1486 297 1528 cum
310 1464 446 1529 lateribus
460 1468 614 1550 iungentes
627 1465 785 1550 remigibus
805 1466 905 1529 sedilia
924 1464 1099 1549 praebent13
1119 1464 1200 1528 deni·

107 1575 163 1638 que
180 1553 261 1637 plura
280 1556 349 1617 dicit
367 1554 404 1617 de
423 1556 561 1639 erigendo
584 1555 787 1619 inclinandoue
808 1554 918 1632 maio⁴,
940 1553 975 1617 de
995 1552 1199 1617 contrahendis

104 1641 213 1727 pedibus
227 1643 318 1726 (quod
332 1656 376 1705 est
390 1643 517 1705 rudentis
532 1645 638 1726 genus)
652 1644 687 1706 ad
701 1642 841 1708 soluenda
855 1642 920 1705 uela
934 1643 1039 1726 aptist,
1055 1656 1084 1705 et
1097 1656 1199 1706 nautas

106 1733 185 1813 ipsos
199 1750 319 1793 monere
334 1729 449 1793 uidetur
462 1751 519 1814 qua
532 1751 601 1794 cura
620 1731 686 1794 uela
704 1730 850 1814 deponere
870 1745 900 1794 et
921 1729 1030 1793 malum
1051 1729 1198 1804 inclinare,

107 1833 135 1880 et
149 1819 275 1900 remigiis
288 1832 415 1892 tantum,
430 1837 497 1880 cum
512 1819 548 1880 ad
566 1833 673 1881 terram
692 1819 841 1893 accedant,
863 1819 907 1880 uti
927 1816 1079 1880 debeanti.
1100 1820 1199 1892 Quam

107 1904 259 1986 diligenter
280 1906 362 1967 nauis
384 1907 480 1987 Asgus
504 1905 534 1967 in
556 1926 635 1968 mare
658 1905 795 1968 deductio
819 1905 1001 1968 ostenditur!
1030 1903 1109 1967 Nihil
1131 1923 1200 1966 sane
1276 1903 1304 1986 J

107 1992 217 2066 omisit,
233 2012 328 2075 neque
342 1991 452 2056 fossam
467 1993 611 2056 decliuem
624 1993 660 2055 ad
675 2013 754 2056 mare
768 1995 798 2055 in
811 1993 918 2056 harena
931 1993 971 2054 ita
984 1992 1155 2074 impressam
1167 2005 1200 2054 ut

108 2099 223 2162 proram
238 2099 338 2142 uersus
352 2081 460 2142 sensim
478 2078 560 2142 fieret
579 2080 762 2162 profundior,
781 2099 878 2162 neque
897 2099 996 2142 remos
1014 2081 1148 2142 inuersos
1167 2091 1200 2142 ut
1244 2109 1248 2114 ·

108 2165 267 2242 manubria,
281 2186 298 2229 e
312 2167 427 2230 scalntis
441 2169 583 2230 exstantia
597 2181 627 2230 et
644 2169 738 2230 solide
756 2167 935 2230 inhaerentia
953 2167 1047 2230 nautis
1066 2168 1148 2229 omni
1170 2167 1200 2230 ui

107 2253 319 2336 impellentibus
339 2254 549 2319 adminiculum
569 2256 719 2339 quoddam
737 2255 918 2338 praeberent,
937 2273 1032 2339 neque
1049 2267 1200 2337 postremo

107 2341 187 2403 lenes
196 2341 263 2404 illos
272 2341 419 2426 cylindros
430 2351 575 2425 (φάλαγγας)
586 2345 700 2406 carinae
709 2343 909 2426 suppositos7.
921 2344 1014 2405 lmmo
1025 2343 1201 2425 antiquitatis

108 2428 155 2490 illc
169 2442 281 2491 amator
295 2429 383 2491 talem
396 2430 553 2514 nauigandi
572 2446 665 2493 artem
686 2430 740 2494 sibi
759 2429 842 2492 linxit
863 2429 980 2513 qualem
999 2429 1202 2492 remotissimis
1218 2505 1220 2509 ,

107 2515 287 2599 temporibus
300 2515 389 2580 fuisse
402 2518 564 2582 doctissimi
578 2520 634 2581 uiri
654 2517 835 2582 declarabant
855 2517 904 2580 uel
922 2517 1120 2580 uetustissima
1137 2536 1202 2584 mo·

109 2617 246 2666 numenta
267 2603 478 2687 significabant.
501 2606 630 2668 Tantum
653 2604 735 2669 abest
757 2620 789 2669 ut
816 2607 897 2687 hrgo
924 2605 1094 2668 recentioris
1121 2605 1202 2667 nauis

109 2689 226 2774 effingat
248 2696 388 2775 speciem,
415 2707 448 2755 ut
470 2708 576 2757 nautae
599 2693 640 2756 illi
664 2714 718 2776 pro
740 2713 848 2756 ancora
864 2691 1001 2775 lapidem,
1022 2691 1135 2755 rudenti
1153 2690 1204 2755 ad-

109 2777 199 2841 fixum
211 2780 305 2842 iacere
319 2781 452 2858 soleant;
467 2801 560 2844 unum
573 2783 661 2844 etiarn
675 2801 711 2844 ex
726 2781 772 2845 his
793 2779 934 2865 lapidibus
951 2795 1048 2844 narrat
1065 2802 1082 2844 a
1100 2782 1202 2844 iasone

110 2886 173 2929 esse
187 2865 356 2932 derelictum
367 2871 398 2931 in
412 2869 575 2933 Dolionum
586 2870 685 2946 litore,
699 2889 791 2953 prope
806 2868 918 2932 iontem
931 2870 1077 2932 rlrtaciam
1086 2871 1110 2930 ⁸.

149 2956 228 3017 Haec
249 2969 348 3020 autem
371 2958 471 3021 onmia
491 2958 615 3022 consilio
637 2958 736 3021 omisit
758 2957 901 3033 Valerius,
922 2970 955 3019 ut
973 2957 1098 3020 minutas
1117 2976 1163 3019 res
1174 2968 1204 3018 et
1309 2961 1312 2966 '
1370 2939 1373 2946 ¹

111 3056 223 3107 tantum
236 3061 386 3129 superatae
399 3047 550 3110 cuiusdam
563 3045 739 3109 difficultatis
754 3046 846 3130 gratia
859 3043 1088 3108 commendatas.
1100 3047 1203 3129 loquo

111 3131 290 3216 aliquantum
308 3133 431 3211 errabat,
452 3135 562 3198 sedita
581 3135 694 3220 origine
713 3151 743 3197 et
763 3135 882 3218 ingenio
898 3147 930 3196 et
947 3133 995 3196 illa
1011 3153 1069 3217 qua
1088 3133 1204 3197 uiuebat

111 3234 203 3283 aetate
217 3242 234 3283 a
247 3224 362 3287 Graeco
377 3222 592 3296 discedebanut
609 3225 794 3307 praecipuam
810 3223 941 3306 poeticae
957 3223 1026 3285 artis
1040 3222 1155 3286 laudem
1169 3221 1205 3284 ad

112 3310 276 3374 monendos
296 3311 411 3374 animos
432 3326 546 3394 putaret
565 3331 629 3376 esse
650 3312 840 3376 referendam.
860 3312 919 3389 Sic,
944 3330 1012 3374 cum
1032 3311 1205 3397 Apollonius

111 3397 148 3460 de
162 3399 338 3463 aedificanda
351 3402 419 3462 naui
433 3420 525 3482 pauca
538 3401 703 3465 tradidisset
715 3403 783 3482 (etsi
796 3399 916 3484 quidam
929 3401 1096 3464 existimant
1108 3413 1205 3464 uatem

111 3486 182 3551 haec
196 3487 288 3551 fusius
303 3490 394 3572 prima
401 3489 465 3550 libri
474 3490 603 3554 editione
612 3490 826 3575 eaphcauisse),
836 3489 968 3552 Valerius
982 3489 1012 3551 in
1024 3487 1104 3552 illam
1111 3489 1204 3572 ipsam

107 3576 344 3674 'aedificationem
366 3576 580 3662 depingendam
599 3579 725 3644 multum
742 3578 871 3642 laborem
889 3577 1040 3662 impendit,
1055 3577 1205 3663 sanequia
1257 3667 1261 3674 ι
1316 3585 1320 3594 ’

141 3834 159 3865 ι.
169 3824 247 3867 hrota.
257 3820 366 3880 Argoa.,l
386 3825 478 3879 pst-apr.
488 3823 520 3867 o·
529 3823 562 3866 hia
572 3824 634 3867 sebna
712 3837 732 3876 4.
743 3825 821 3868 hrota.
832 3825 922 3880 Argen,
933 3822 962 3876 ll,
974 3833 1032 3877 tata,
1044 3823 1101 3876 sads.

114 3853 559 3927 et.h.caarautr,ta²btrmauatsm.
575 3877 632 3929 rbbr,
713 3905 731 3946 ς.
742 3894 784 3946 pm,
794 3889 1149 3949 11,9„··,0.qgmp„fflm·
1241 3935 1245 3942 1

114 3923 247 3971 ‹nrrr-vn
709 3961 909 4017 grammata...

139 4003 159 4038 ⁸·
170 3995 213 4048 ltu
222 3996 239 4048 ¹·
252 3997 346 4051 5575st
711 4041 732 4086 7.
743 4031 784 4084 ld,
793 4031 811 4084 l,
823 4033 915 4090 tim·

115 4065 239 4163 n’t'eiitlff'
249 4076 344 4124 par-pap.
354 4066 390 4112 ci.
400 4066 418 4119 l,
426 4078 476 4111 taor
483 4081 491 4120 ς
505 4066 534 4119 ll,
548 4076 575 4122 po
588 4080 632 4124 sqq.
711 4105 784 4174 ..μ’
794 4105 812 4158 Ι,
821 4117 871 4161 Μ.
