2996 4792
628 661 663 740 V

100 981 212 1047 (luam
225 975 517 1062 parumValeriue
531 975 569 1039 in
584 973 816 1058 exprimendi·
827 971 934 1038 rebus
948 972 1190 1038 macritatem
1314 969 1338 980 ’“
1454 975 1460 982 “

360 1165 363 1172 -
415 1123 531 1205 lpeam
553 1140 593 1186 ee
616 1121 865 1186 aeoommodet.

139 1435 219 1499 Nihil
233 1435 387 1499 iucundius
401 1432 560 1517 excogitari
573 1444 673 1514 potest
695 1450 782 1514 quam
801 1429 850 1492 illa
869 1429 1019 1512 Apollonii
1039 1427 1192 1498 subtilitas.

102 1544 147 1588 res
161 1522 261 1606 quales
276 1521 370 1584 oculis
390 1519 575 1602 praebentur,
595 1519 677 1581 omni
699 1518 823 1580 artificio
844 1517 972 1593 sublato,
994 1516 1193 1599 depingentis,

102 1630 195 1693 neque
210 1611 298 1671 etiam
311 1608 406 1669 inania
418 1605 533 1669 fastidia
547 1605 683 1688 egregius
697 1603 745 1666 ille
759 1604 862 1666 artifex
875 1615 937 1666 erat
956 1617 1110 1686 expertus;
1131 1601 1196 1666 uul-

102 1697 284 1782 gatissimum
297 1694 435 1778 quodque
449 1693 521 1755 mira
535 1693 657 1754 ueritate
672 1689 823 1754 adumbrat
836 1705 878 1769 et,
900 1704 934 1753 ut
954 1692 994 1754 ita
1014 1691 1121 1766 dicam,
1141 1688 1194 1752 sub

102 1783 271 1864 adspectum
284 1780 393 1863 legenti
406 1779 530 1856 subicit3
545 1779 699 1840 nonenim
720 1778 897 1839 existimata
917 1777 1000 1860 poesi
1020 1777 1196 1840 cotidianam

103 1869 221 1932 uiuendi
245 1865 485 1932 consuetudinem
508 1884 572 1928 esse
599 1864 819 1942 remouendam,
849 1883 944 1948 neque
969 1864 1127 1949 quicquam
1153 1876 1198 1926 eat
1302 1905 1305 1910 -
1418 1887 1422 1894 ·

103 1958 182 2042 quod
196 1977 256 2020 non
270 1956 306 2016 ad
325 1967 410 2038 aptos
431 1973 569 2016 numeros
590 1953 675 2016 facile
696 1952 818 2037 redigat.
842 1955 928 2028 Quae
943 1972 1120 2039 quamquam
1134 1953 1196 2014 eius
1277 1981 1294 2040 '.

102 2048 170 2108 artis
185 2045 300 2129 propria
318 2045 401 2127 signa
420 2042 477 2105 dici
498 2056 632 2126 possunt,
646 2062 708 2106 uon
728 2055 827 2105 tamen
848 2041 983 2105 uidentur
1001 2041 1063 2105 aliis
1078 2041 1196 2106 Graecis
1246 2112 1250 2118 ,

66 2163 70 2170 ·
102 2135 197 2219 poetis
213 2133 323 2205 deesse,
339 2133 388 2218 qui
403 2133 524 2195 Homeri
538 2132 663 2213 uestigia
676 2132 841 2194 insistenter
850 2129 1111 2195 totienshumauae
1120 2132 1196 2194 uitae

102 2223 341 2287 consuetudinem
355 2235 386 2284 et
400 2223 495 2284 uarias
508 2220 570 2283 illas
590 2241 634 2282 res
656 2219 850 2302 agricolarum
870 2221 917 2283 uel
936 2232 1132 2304 mercatorum
1150 2217 1196 2282 uel
1315 2258 1318 2264 -
1403 2257 1408 2263 -

102 2325 255 2374 nautarum
268 2310 315 2373 uel
329 2311 457 2373 cuiusuis
472 2309 586 2392 opificis
601 2307 732 2372 manibus
746 2322 899 2392 usurpatas
916 2308 1062 2393 eleganter
1082 2327 1197 2392 expres·

103 2415 211 2463 serunt.
228 2402 289 2463 Hac
304 2400 382 2461 enlm
395 2412 476 2480 parte
490 2398 514 2461 si
528 2397 637 2460 litteras
650 2399 776 2460 Graecas
788 2397 955 2476 intueberis,
979 2396 1050 2460 nihil
1067 2397 1198 2460 inuenies

104 2490 184 2571 quod
197 2489 318 2571 propius
332 2489 446 2548 ueritati
461 2487 590 2563 accedat,
602 2505 779 2569 quamquam
793 2486 833 2548 illi
848 2487 1003 2568 scriptores
1011 2486 1047 2548 ad
1061 2487 1197 2549 eximiam
1251 2529 1253 2534 -

104 2575 248 2660 quandam
262 2575 486 2659 pulchritudinis
499 2577 629 2659 speciem
642 2595 731 2658 quam
746 2577 775 2637 in
794 2588 892 2638 mente
913 2587 1019 2660 gerunt
1039 2575 1121 2638 omni
1142 2593 1199 2658 ope
1274 2609 1277 2614 v
1346 2589 1401 2654 ⁶·¹
1467 2585 1471 2594 '

103 2667 262 2746 enituntur.
286 2667 328 2728 lta
348 2685 394 2728 tes
415 2679 444 2728 et
465 2665 600 2728 homiues
620 2685 682 2728 non
705 2664 802 2729 solum
821 2663 921 2749 quales
939 2677 1025 2743 sunt,
1040 2665 1092 2728 ted
1111 2665 1199 2729 etiam
1326 2714 1329 2720 .

105 2754 204 2836 quales
216 2773 281 2816 esse
295 2753 400 2816 debent
415 2752 635 2836 quodammodo
659 2754 888 2836 descripserunt!
909 2753 1002 2816 Multa
1023 2753 1111 2835 igitur
1131 2766 1199 2816 suut
1246 2811 1248 2815 .
1282 2784 1284 2788 ·
1380 2787 1382 2790 ·

105 2841 134 2902 in
147 2841 297 2924 Apollonii
310 2841 517 2923 Argonauticis
532 2859 606 2924 quae
621 2838 658 2901 ad
672 2858 774 2902 uerum
792 2859 927 2924 expressa
945 2853 975 2902 et
988 2838 1025 2903 de
1038 2857 1136 2902 rerum
1149 2859 1199 2902 ua·
1243 2875 1247 2882 ·
1295 2903 1301 2915 ,

105 2941 168 2991 tura
191 2925 332 2990 delineata
347 2927 534 3004 ,uideantum
564 2941 628 2990 tum
655 2941 745 3010 poeta
770 2929 850 2991 tenui
878 2941 908 2990 et
933 2927 1059 3014 eleganti
1086 2927 1200 2992 dicendi

106 3035 210 3098 genere
225 3017 326 3091 utitur,
343 3014 424 3099 quod
438 3017 468 3078 in
488 3012 649 3079 exilitatem
663 3017 776 3099 saepius
795 3034 913 3078 uersum
932 3029 996 3094 est;
1014 3031 1077 3079 tum
1095 3029 1200 3099 poetae

105 3103 187 3166 stilus
211 3118 355 3165 extremas
377 3120 475 3164 rerum
496 3101 587 3165 lineas
608 3103 828 3178 circumscribit,
858 3102 939 3166 molli
966 3123 1054 3166 manu
1082 3103 1197 3166 ductus.

106 3189 183 3253 Nihil
198 3191 296 3253 uerius
309 3210 399 3274 quam
412 3189 545 3252 Herculis
560 3190 685 3265 habitus,
699 3190 862 3253 cumomni
875 3190 905 3253 ui
922 3189 1047 3274 palmam
1070 3209 1087 3254 e
1105 3189 1201 3254 nucu

107 3267 318 3340 bus-reducens
338 3291 368 3339 et
388 3295 420 3339 se
439 3288 545 3340 totum'
558 3279 740 3361 resupinans,
762 3276 892 3341 medium
911 3296 1025 3341 remum
1044 3277 1152 3364 frangit
1170 3289 1200 3341 et
1308 3337 1314 3352 ,

69 3388 73 3398 ·
107 3363 237 3448 fragmen
250 3385 339 3429 manu
354 3377 467 3441 teneus,
483 3384 500 3428 e
513 3378 638 3429 transtro
652 3371 714 3449 ipse
727 3365 805 3430 cadit
813 3375 834 3428 ¹.
845 3366 938 3450 Saepe
951 3384 989 3429 er
1001 3365 1050 3430 illa
1063 3365 1200 3430 facultate

107 3471 152 3516 res
166 3452 280 3516 uiuidas
294 3451 473 3536 exprimendi
487 3453 545 3516 hoc
565 3453 689 3518 efficitur
709 3467 743 3516 ut
763 3452 917 3538 diligenter
936 3453 1151 3538 circumspiciat
1170 3466 1201 3518 et
1306 3481 1359 3519 μ
1460 3483 1473 3570 T*

108 3540 242 3626 aequales
262 3557 342 3604 suos*
356 3539 505 3604 obseruet.
525 3540 573 3604 Sic
587 3541 679 3625 qualis
692 3541 887 3648 Alexandrina
899 3542 1041 3628 quaedam
1055 3557 1199 3648 matrona,

109 3628 1202 3800 itlttttttt‘:’ntttlnltttttttttwtntffl

109 3824 184 3888 quae
197 3803 315 3890 quidem
323 3804 436 3868 urbana
450 3804 590 3868 comitate
603 3803 749 3869 Palladem
762 3820 792 3870 et
805 3809 913 3872 Herem
927 3807 1084 3892 compellat
1097 3821 1127 3872 et
1144 3807 1202 3871 ele-

110 3894 191 3978 ganti
212 3911 348 3957 sermone
367 3892 404 3956 de
425 3891 514 3956 uariis
535 3893 690 3992 cotidianae
712 3895 930 3960 wnsuetudiuia
951 3895 1038 3961 mbur
1057 3895 1200 3983 loquitur,

138 4118 503 4178 r.ttsau.mra.‚t,2159·rrra.
740 4175 743 4180 Δ
1050 4179 1052 4183 ,

151 4257 153 4262 Ι
206 4212 244 4244 -na
258 4210 355 4246 emate
367 4209 460 4247 ruma.
640 4233 641 4236 =
1085 4215 1097 4260 l
