2970 4802
536 303 776 372 -„,...

107 431 242 516 proprios
253 429 374 496 affectus
387 451 439 498 seu
457 433 536 498 lenes
553 452 606 498 seu
624 430 813 497 uehementes
830 447 1000 518 sequuntur.
1017 433 1092 497 Nem
1110 433 1201 497 turbi-

104 520 159 584 dus
170 521 270 585 animo
284 534 314 585 et
325 521 480 596 sollicitus,
495 523 644 586 mriestate
657 521 760 606 plenus
773 523 910 608 luppiter,
926 522 1018 586 dulcis
1038 537 1067 586 et
1088 523 1200 586 miseri·

107 629 174 673 cors
187 610 352 695 Neptunus,
367 613 503 676 iracunda
516 625 546 675 et
560 611 722 696 gratissima
740 613 826 688 luno,
840 611 911 676 falsa
929 611 1081 676 dulcedine
1099 627 1129 676 et
1142 611 1201 676 acri
1317 680 1320 685 ,

107 696 259 762 uoluntate
271 699 387 764 uidetur
404 700 520 786 Cypris.
535 703 631 785 Atque
648 699 678 762 in
696 713 763 763 toto
782 701 909 764 carmine
928 700 982 764 sibi
1000 714 1136 764 constant
1156 701 1196 764 in
1300 779 1304 787 Ι

105 802 208 872 gentes
220 787 285 852 illae
300 809 452 872 personae,
466 808 560 874 neque
574 809 627 852 cur
639 789 699 852 huc
712 789 760 852 uel
770 787 839 852 illuc
849 789 971 854 consilia
981 789 1106 873 dirigant
1117 791 1202 874 igno·

108 895 216 941 ramus.
233 877 276 941 nb
289 879 374 942 initio
388 881 467 942 enirn
480 881 589 964 operis,
605 881 690 942 lason
702 879 765 962 ipse
780 878 868 943 docet
881 898 912 941 se
926 879 1075 964 quondam
1083 899 1136 963 per
1143 893 1205 942 tnr-
1254 959 1258 967 Δ

82 1033 87 1042 ,
109 967 209 1031 bidum
223 968 326 1054 Enipei
339 987 456 1033 cursum
475 971 606 1034 Deorum
623 969 754 1053 reginam
772 969 880 1033 umeris
897 968 1107 1034 transuexisse¹
1119 991 1130 1050 ς
1143 970 1203 1034 boc

108 1075 181 1121 uero
202 1072 246 1120 est
264 1059 380 1144 utrique
397 1073 516 1123 mutuae
535 1057 661 1122 caritatis
679 1057 841 1136 uinculum,
860 1078 955 1146 neque
972 1059 1095 1124 beroem
1113 1059 1203 1143 pudet
1280 1053 1288 1064 '
1393 1063 1398 1070 “
1451 1043 1453 1052 ’

109 1145 168 1208 hoc
187 1164 360 1222 memorare,
382 1147 550 1230 praesertim
568 1167 635 1213 curn
655 1146 832 1210 infuturum
850 1167 956 1230 magna
978 1147 1103 1232 pericula
1120 1149 1203 1212 timet

108 1234 300 1321 diuinumque
312 1235 452 1300 auxilium
466 1249 559 1320 optat.
576 1235 634 1300 Ubi
647 1249 745 1300 autem
760 1238 832 1298 luno
846 1235 986 1300 beneficis
1001 1257 1053 1300 sua
1062 1236 1201 1314 cumulat,

110 1321 182 1387 haec
195 1323 324 1388 omniae
339 1339 423 1409 grato
438 1325 536 1390 anirno
550 1339 699 1410 umquam
714 1345 732 1389 e
745 1345 820 1408 puro
833 1324 1204 1411 ionteproueniuutrquae
1249 1336 1253 1342 ’
1290 1361 1294 1366 -
1400 1347 1405 1356 ·
1457 1322 1461 1362 ²

109 1413 226 1496 quidem
242 1413 337 1476 uirum
351 1413 433 1476 illum
447 1435 463 1477 e
477 1415 599 1478 summis
612 1413 825 1478 discriminibus
838 1414 948 1497 eripere
962 1413 1036 1490 uult,
1048 1429 1136 1498 atque
1146 1414 1204 1478 boc
1311 1429 1313 1432 ·

110 1501 265 1564 consilium
287 1503 442 1586 praecipue
462 1503 488 1566 ei
510 1503 550 1566 ob
570 1503 674 1566 oculos
695 1501 877 1565 obuersatur.
896 1503 934 1565 At
955 1502 1011 1580 illa,
1035 1515 1069 1565 ut
1087 1515 1205 1586 accepta

109 1579 260 1666 beneficia,
274 1589 314 1652 ita
329 1591 447 1653 iniurias
460 1591 600 1654 acerrime
613 1592 722 1669 sentit;
737 1610 836 1677 quare,
848 1609 916 1652 cum
930 1589 1061 1654 fallacem
1071 1591 1205 1674 coniugis

108 1679 154 1742 sui
168 1679 393 1742 inconstantiam
406 1696 436 1742 et
448 1693 614 1754 semestres,
628 1693 661 1742 ut
679 1679 719 1742 ita
737 1678 844 1757 dicam,
859 1697 975 1742 amores
993 1693 1023 1741 et
1040 1678 1206 1766 frequenter
1238 1707 1239 1712 ¹

110 1781 228 1850 ruptum
248 1786 363 1830 sacrum
382 1767 501 1830 conubii
519 1767 625 1831 foedus
645 1787 705 1832 non
723 1787 819 1852 aequo
838 1768 938 1831 animo
957 1765 1082 1830 tolerare
1101 1767 1204 1850 possit,

109 1853 275 1929 Herculem,
299 1873 315 1916 e
335 1854 451 1918 mortali
475 1855 594 1918 muliere
613 1869 714 1918 natum
737 1873 825 1939 quam
848 1854 920 1918 olim
942 1855 1069 1938 luppiter
1086 1855 1204 1931 amauit,

109 1942 277 2006 uehementi
295 1943 366 2006 odio
388 1945 583 2028 persequitur,
604 1943 738 2026 quamuis
761 1942 811 2005 ille
832 1945 870 2006 sit
891 1943 1069 2025 Argonautis
1090 1943 1205 2006 minum

110 2031 293 2112 praesidium.
312 2031 354 2093 Ex
370 2050 429 2115 quo
445 2029 524 2093 litut
538 2033 615 2094 Deae
630 2051 713 2094 mens
727 2031 758 2093 in
772 2031 843 2093 duas
861 2044 957 2114 partes
975 2029 1093 2094 alternis
1110 2043 1206 2092 uerta-
1231 2087 1234 2092 .

109 2132 165 2182 tur.
180 2117 262 2181 Nihil
274 2120 353 2182 enim
367 2119 477 2182 omittit
493 2133 524 2182 ut
537 2119 633 2183 lasoni
647 2137 821 2202 prosperum
835 2138 952 2182 cursum
970 2117 1144 2202 felicemque
1160 2137 1205 2181 re-

108 2207 202 2269 ditum
216 2220 316 2290 paret3
331 2226 426 2290 neque
439 2227 510 2270 uero
524 2207 621 2270 solum
635 2227 703 2270 cum
716 2207 809 2269 amica
821 2207 953 2270 Minerua
966 2207 1124 2270 sententias
1138 2225 1205 2269 suas

109 2295 272 2371 consociat,
287 2295 338 2358 sed
358 2295 447 2358 etiam
470 2296 592 2358 Veneris
610 2294 686 2359 illius
706 2294 831 2358 adiutrix
851 2293 912 2358 fieri
933 2315 993 2358 non
1012 2296 1107 2372 timet,
1124 2295 1206 2358 cuius

108 2383 320 2447 formidandam
341 2383 502 2466 potentiam
520 2385 642 2446 nimium
660 2383 757 2446 eheu!
780 2383 876 2446 densis
894 2383 972 2445 louis
990 2381 1137 2445 fraudibus
1155 2403 1204 2446 ex·

108 2485 188 2554 perta
205 2485 262 2534 est.
280 2473 377 2554 Atque
396 2470 472 2534 adeo
491 2491 551 2534 non
571 2485 665 2534 cessat
683 2471 778 2535 donec
796 2471 901 2533 Medea
919 2471 1030 2534 lasonis
1047 2471 1140 2536 amori
1158 2490 1206 2534 ce·
1293 2498 1297 2502 ·

106 2560 156 2622 dat
176 2572 206 2621 et
225 2577 345 2620 aureum
366 2557 460 2622 uellus
479 2557 668 2622 auferendum
689 2578 777 2644 seque
801 2572 895 2621 totam
915 2557 1093 2642 diligendam
1116 2557 1203 2622 simul

106 2645 190 2711 heroi
203 2645 306 2710 tradat.
322 2647 428 2710 Nonne
442 2648 504 2730 ipsa
517 2649 679 2730 coniugum
693 2647 823 2710 fidelium
838 2661 962 2730 patrona
979 2648 1015 2711 ad
1034 2647 1135 2720 dolum
1152 2646 1203 2710 de·
1319 2721 1342 2736 ⁶
1453 2604 1470 2738 ᾖε

107 2737 233 2798 mittitur
244 2755 312 2799 cum
326 2756 344 2796 a
356 2737 469 2796 Venere
484 2734 581 2798 satalia
600 2749 769 2798 ornamenta
784 2748 945 2808 muniatur,
960 2735 1064 2818 quibus
1077 2734 1204 2816 puellam

106 2823 213 2885 alliciat
232 2837 261 2886 et
285 2823 396 2906 perdat,
418 2838 448 2884 et
470 2822 647 2906 Chalciopes
668 2824 796 2905 speciem
819 2822 1007 2904 habitumque
1027 2822 1143 2885 induiti
1157 2823 1205 2886 Sic

106 2909 213 2994 aliquid
227 2910 376 2973 muliebris
391 2909 554 2972 calliditatis
569 2911 707 2987 retinuit;
723 2911 875 2972 nonenim
889 2927 1003 2993 semper
1012 2909 1100 2972 animi
1109 2909 1204 2992 graui·

59 2997 69 3039 ·'
106 3012 198 3062 tatem
219 3018 287 3083 prae
307 3017 339 3061 se
362 2996 428 3074 iert,
450 2998 501 3060 sed
522 3017 743 3080 nonnumquam
768 2996 857 3060 molle
879 3011 909 3059 et
928 2995 1034 3060 subtile
1054 2995 1204 3081 ingenium
1223 3047 1227 3058 .

106 3085 263 3170 significat,
278 3086 357 3169 quod
370 3086 399 3146 in
414 3085 546 3147 amoenis
560 3085 745 3149 sermonibus
760 3099 884 3148 uenuste
898 3083 1030 3148 colludit.
1047 3086 1086 3147 At
1099 3099 1203 3148 contra

105 3195 166 3238 non
180 3175 238 3237 iam
252 3173 396 3250 officiosa,
410 3173 461 3236 sed
475 3174 510 3234 ad
526 3173 599 3235 iram
612 3187 642 3236 et
656 3174 759 3236 odium
772 3171 909 3257 procliuis
923 3173 1047 3248 exsistit,
1059 3173 1201 3236 siueiier·

105 3263 201 3326 culeus
216 3276 245 3326 et
256 3261 352 3346 Hylan
366 3259 586 3344 progredientes
599 3261 680 3324 uidet
693 3275 724 3324 et
731 3261 860 3324 furorem
870 3258 1022 3323 effundens
1035 3261 1204 3340 adulescen-
1232 3261 1240 3278 ·“

105 3351 199 3415 tulum
212 3350 249 3414 ad
262 3351 375 3414 iontem
389 3348 495 3411 ducere
509 3363 539 3410 et
552 3346 673 3411 heroem
686 3348 722 3411 ab
734 3349 913 3433 Argonautis
926 3367 1065 3413 amouere
1078 3348 1201 3431 cogitet,

104 3439 168 3503 siue
182 3438 254 3502 haec
263 3437 395 3514 consilia,
406 3436 472 3498 data
482 3437 649 3513 occasione,
661 3437 784 3520 peragit.
799 3435 877 3499 Tum
887 3437 985 3520 potius
994 3437 1025 3500 in
1033 3435 1203 3510 iniuriarum

105 3545 223 3590 suarum
248 3525 391 3589 ultionem
419 3543 507 3605 quam
528 3523 558 3585 io
579 3525 689 3587 Iasonis
709 3524 833 3594 salutem
855 3537 886 3587 et
908 3543 1027 3588 summo
1048 3523 1157 3600 studio,
1171 3537 1202 3588 et

106 3613 196 3697 parua
209 3612 332 3676 lortasse
345 3609 485 3696 sapien'tia
498 3611 652 3675 incumbit.

547 3777 624 3794 .....
630 3736 710 3802 Quos
723 3734 819 3822 talibus
832 3752 926 3794 amens

263 3805 960 3950 lutilffilmffiltlittltlltsn}
1094 3940 1100 3955 ,
1155 3945 1158 3952 ,

264 3952 295 4008 ln
309 3966 380 4007 noua
394 3947 446 4005 iata
457 3948 548 4015 decus,
562 3951 698 4022 nostrique
711 3948 874 4022 Eurystheos
888 3949 954 4005 lraec
967 3961 1039 4004 nunc

264 4023 337 4079 lussa
351 4019 456 4076 forensi
471 4018 590 4076 imbrem
603 4031 629 4074 et
643 4017 767 4074 tenebras
779 4035 861 4076 uersu
909 4035 943 4074 ue
955 4020 1100 4090 tridentem

264 4094 322 4150 lam
337 4093 391 4147 iarn
404 4105 467 4164 ego,
482 4101 509 4146 et
522 4089 600 4146 inuiti
614 4090 750 4147 torsissem
764 4091 888 4164 coniugis
911 4094 1048 4164 poema»

136 4271 154 4306 r.
164 4259 381 4317 'rearmatur
392 4272 438 4317 sqq.
473 4245 478 4258 '
709 4265 729 4299 s.
739 4240 811 4307 1141,
821 4265 866 4302 ιιι.
876 4249 914 4300 ci.
925 4253 1070 4314 limem.

214 4349 241 4382 ss
254 4347 348 4381 sature
360 4347 452 4380 succe.
1032 4341 1041 4350 ·
1086 4338 1099 4376 s
