2970 4802
492 320 731 392 ..m-

64 450 118 514 bus
131 452 209 514 niam
223 451 378 533 aperuerit,
393 451 443 536 qui
456 453 529 514 mira
543 463 604 514 arte
617 447 740 514 affectus
754 448 821 513 illos
839 449 992 534 uoluptate
1004 443 1040 515 'et
1056 466 1158 516 mutua

64 539 214 602 inimicitia
227 550 405 622 temperatos
419 535 646 603 illustrau'erunt.
1067 597 1073 610 ,

103 629 179 688 Mars
200 638 299 687 autem
319 644 408 709 quem
428 626 465 689 ab
486 625 609 689 Homeri
626 637 721 687 aetate
739 625 905 688 communis
924 623 1020 688 fabula
1037 626 1158 690 Veneris

64 711 227 776 adulterum
253 711 342 775 fuisse
369 713 467 790 reiert,
494 713 608 776 nullum
629 725 729 774 tamen
751 711 883 786 uerbum,
907 711 1021 776 nullum
1042 728 1160 798 gestum
1263 705 1287 788 ‚'
1430 769 1435 776 .

64 799 183 863 adhibet
197 819 256 884 quo
271 819 332 864 non
346 799 430 884 plane
443 818 592 864 summum
605 798 736 863 furorem
754 814 784 863 et
802 799 928 863 immane
947 801 1018 863 illud
1032 801 1161 884 proelio·
1262 863 1266 870 ,
1282 817 1285 824 ·
1313 801 1318 811 “
1438 806 1441 813 ’

65 907 131 950 rum
149 887 277 951 studium
294 900 324 950 et
342 887 427 950 effusi
445 889 557 952 cruoris
576 886 754 970 inexpletam
771 887 851 949 sitim
868 886 994 950 declaret
1007 911 1016 967 ς
1031 887 1105 952 nihil
1116 901 1162 952 est
1217 881 1219 886 ’
1240 885 1245 893 ’

66 975 147 1059 quod
162 993 222 1038 non
235 973 378 1038 uiolenter
392 989 469 1058 agat,
485 995 580 1059 neque
593 976 706 1037 ratione
719 974 1161 1058 umquamducitur,sedcaeco
1266 974 1274 986 '
1378 979 1383 987 '

67 1063 180 1144 impetu
205 1060 237 1123 in
262 1061 380 1125 iniurias
404 1077 434 1126 et
457 1061 602 1148 querellas
623 1059 793 1126 effunditur.
816 1061 1009 1128 barbarorum
1030 1082 1160 1150 quoqne,

67 1149 237 1233 praesertim
250 1148 433 1213 Colchorum
447 1151 565 1214 rudibus
579 1150 732 1235 saeuisque
746 1150 878 1214 moribus
891 1149 1073 1231 delectatur;
1087 1171 1163 1216 scm·

67 1257 120 1322 per
137 1236 237 1301 animo
255 1251 296 1315 et,
315 1252 348 1302 ut
366 1239 406 1302 ita
419 1239 526 1316 dicam,
540 1239 636 1304 oculis
653 1241 690 1302 ad
708 1236 808 1302 lucum
827 1238 909 1303 illum
927 1239 1059 1317 attendit,
1074 1259 1162 1325 quem
1224 1253 1228 1261 “
1278 1279 1281 1284 -

69 1325 123 1390 sibi
138 1341 342 1390 consecratum
357 1343 390 1392 ut
403 1330 553 1412 proprium
566 1329 679 1392 bonum
693 1327 833 1411 possidet.
849 1327 927 1392 Talis
940 1328 1120 1413 conspicitur
1132 1330 1162 1393 in

69 1414 188 1500 proeliis
202 1434 277 1499 quae
288 1418 476 1516 drgonauue
489 1435 558 1481 cum
572 1419 680 1480 Aeetae
694 1415 828 1480 hostibus
842 1415 1040 1481 committunt.

293 1549 507 1680 gquqilminsdeetm
520 1551 594 1609 ardet
607 1550 682 1609 iuriis
696 1551 837 1622 Gradiuus,
852 1566 878 1609 et
891 1555 945 1609 acri

68 1773 166 1857 neque
178 1773 213 1816 ea
224 1752 286 1836 ipsa
302 1755 396 1818 oratio
412 1775 499 1840 quam
518 1756 595 1860 apud
613 1755 715 1820 Iouem
732 1755 804 1838 agit,
818 1754 854 1818 ab
875 1755 938 1860 eius
955 1775 1045 1820 saeuo
1063 1754 1166 1862 ardore
1214 1731 1216 1802 [

69 1840 186 1994 {¹2}le
200 1842 700 2018 :llnltlntltltlt
718 1857 872 1996 titel.
888 1847 1167 2016 lulum
1228 2005 1233 2013 ,

70 2017 220 2082 Valerium
233 2017 399 2082 fatebimur.

229 2152 424 2221 Quaesumus,
440 2168 485 2208 rea
499 2166 608 2225 magne,
623 2151 718 2226 quies?
732 2151 787 2207 iarn
802 2163 895 2208 mutua
908 2151 964 2206 diui

227 2223 314 2279 Exitia
329 2225 356 2277 in
369 2221 442 2278 solos
456 2222 598 2278 hominurn
612 2221 739 2279 molimur
752 2220 923 2281 bonores...

228 2293 304 2359 Quin
318 2309 378 2366 age,
410 2293 455 2348 uid
469 2304 557 2348 tantae
570 2306 667 2349 coeunt
681 2296 709 2347 in
723 2291 823 2365 proella
836 2291 950 2366 gentes?

228 2363 303 2429 Quid
316 2376 377 2419 tuus
390 2311 559 2420 lesonldes?
572 2364 642 2419 imus
656 2379 714 2429 nos.
721 2366 845 2489 protinus
858 2365 928 2420 imus

230 2433 262 2488 ln
276 2450 371 2490 nemus
384 2432 540 2503 auriferum,
555 2446 582 2489 et
594 2437 707 2507 sumptis
739 2433 887 2490 ecernirnus
900 2431 1021 2489 amris¹i

112 2565 179 2626 Duo
193 2577 260 2626 sunt
273 2565 404 2640 numina,
420 2583 494 2647 quae
507 2564 562 2628 etsi
575 2583 635 2628 non
649 2563 746 2648 magni
761 2564 901 2626 momenti
916 2565 945 2626 in
959 2562 1078 2647 agendis
1086 2563 1171 2628 rebus

75 2651 211 2715 uidentur
224 2671 300 2729 esse,
314 2666 413 2715 tamen
426 2651 641 2716 necessitudine
656 2652 781 2737 quadam
800 2671 868 2715 cum
886 2653 1046 2736 praecipuis
1058 2650 1171 2715 fabulae
1299 2711 1303 2720 ,
1320 2637 1343 2650 ’
1460 2635 1463 2644 ’

76 2738 153 2802 illius
178 2741 310 2823 personis
332 2741 559 2824 coniunguntur.
584 2740 636 2803 Sol
658 2743 748 2816 enim,
768 2742 877 2802 Aeetae
897 2753 991 2823 pater,
1012 2753 1042 2803 et
1061 2741 1171 2802 Hecate
1208 2787 1211 2794 .

73 2829 156 2890 cuius
170 2828 274 2890 Medea
287 2829 423 2892 sacerdos
437 2848 575 2891 arcanum
595 2827 707 2891 cultum
726 2841 834 2901 seruat,
849 2846 1069 2911 nonnumquam
1084 2846 1171 2889 ncros

73 2915 159 2977 etad
178 2927 383 3000 argumentum
402 2928 488 2997 aptos
506 2935 609 2978 sensus
629 2915 781 2998 aperiunt3
796 2913 868 2978 nihil
888 2928 987 2977 tamen
1005 2912 1082 2977 aliud
1094 2913 1172 2998 apud

73 3001 174 3066 Solem
192 3004 288 3066 notari
306 3017 404 3085 potest
422 3023 519 3087 quam.
530 3002 581 3066 filii
599 3005 704 3067 caritas
721 3015 750 3066 et
771 3003 874 3087 ingens
893 3002 930 3064 de
948 3002 1049 3066 audaci
1061 3001 1172 3066 Iasonis
1214 3083 1216 3089 .

73 3092 260 3175 nauigatione
274 3091 454 3166 sollicitudo,
470 3111 545 3180 qnae
558 3092 678 3177 quidem
691 3094 786 3154 Deum
801 3105 849 3156 tot
865 3104 896 3154 et
914 3103 993 3154 tanta
1011 3090 1172 3155 domestica

74 3179 149 3243 mala
167 3195 320 3265 expertum
341 3200 400 3243 non
421 3180 560 3244 dedeceat
571 3192 592 3242 t.
612 3183 722 3244 Hecate
744 3200 828 3258 uero,
844 3179 1013 3244 abscondita
1031 3177 1079 3242 illa
1098 3181 1169 3258 Dea,

74 3269 209 3353 querellis
223 3272 283 3333 suis
297 3283 412 3332 tantum
424 3269 564 3353 famulam
578 3269 695 3348 salutat,
710 3287 779 3332 cnm
796 3271 907 3333 lunone
920 3269 1038 3332 moenia
1054 3267 1103 3330 illa
1121 3287 1173 3353 pe-

74 3372 183 3421 tentem
198 3357 275 3423 unde
290 3358 401 3423 lasonis
415 3357 562 3443 praeclara
576 3357 654 3422 facta
666 3357 697 3421 in
715 3357 854 3420 damnum
867 3377 953 3421 suum
965 3357 1040 3420 tueri
1052 3355 1169 3420 debet⁴.

75 3448 176 3530 Neque
190 3467 262 3511 uero
277 3447 447 3531 plerumque
461 3447 588 3512 numinis
601 3447 677 3510 illius
692 3446 746 3508 nisi
760 3447 886 3508 Naturae
899 3445 1027 3508 tumultu
1040 3444 1172 3528 potentia
1205 3507 1208 3513 .

75 3536 248 3602 ostenditur.
559 3572 562 3576 ·

113 3625 153 3686 llt
171 3623 201 3687 in
219 3623 359 3686 altissima
378 3621 499 3706 Olympi
520 3633 601 3704 parte
622 3620 704 3685 sedet
723 3621 869 3705 luppiter,¹
884 3638 1017 3683 summus
1038 3617 1171 3684 omnium

75 3712 205 3774 Deorum
226 3710 637 3796 hominumquemoderator.
660 3707 752 3772 Cuius
774 3709 874 3771 sedem
897 3727 959 3772 non
975 3706 1115 3771 'Valerius
1136 3725 1171 3771 es

75 3795 224 3882 diligentia
249 3799 379 3882 depinxit
406 3817 464 3882 qua
480 3797 627 3880 Vergilius
649 3796 871 3877 Omnipotentis
890 3795 1025 3873 domum,
1044 3792 1172 3875 Augusti

75 3887 173 3967 regiae
198 3883 275 3947 haud
303 3885 475 3946 dissimilem
501 3896 692 3967 expresserat.
716 3881 773 3944 Sed
794 3881 918 3964 imperio
940 3899 996 3944 suo
1017 3877 1122 3944 fruitur
1141 3889 1178 3942 et

76 3991 224 4057 quamque
236 3991 298 4034 rem
312 3991 367 4056 pro
381 3972 444 4034 iure
457 3969 639 4034 administrat
652 3981 681 4032 et
694 3969 732 4032 ad
746 3968 902 4032 hominnm
914 3965 991 4031 facta
1003 3967 1109 4050 oculor
1121 3965 1172 4030 de·

104 4181 186 4226 nvn.
196 4161 353 4236 [opuntia
364 4193 409 4238 sqq.
559 4160 562 4170 ¹
677 4175 882 4233 p.ls.,l‚meqq.
1095 4237 1110 4250 ..

104 4250 361 4305 s.1n..V‚dan..635..·
676 4244 901 4300 alsqbllmaqq.
951 4261 960 4272 ·
1040 4261 1044 4268 ·
