2996 4792
192 593 208 601 ψ’
285 649 369 773 nu
407 590 709 791 vitano,
740 642 996 770 rutero
1090 753 1092 762 ,

92 973 476 1078 APOLLONII
520 983 762 1074 nuonn
801 984 1181 1076 mammons

508 1279 768 1332 ——0-4-

458 1681 819 1766 PROOEMIUM

66 2187 69 2194 ,
129 2151 251 2214 Romani
266 2149 320 2231 ipsi
333 2160 518 2230 agnouerunt
531 2165 563 2208 se
577 2144 703 2208 multum
716 2147 834 2210 Graecis
844 2145 1089 2224 debere3Tullius
1104 2147 1182 2209 euim
1238 2205 1243 2214 ‚

90 2237 195 2300 latetur
215 2237 346 2298 latinam
366 2248 484 2316 gentem
505 2232 662 2314 plurimum
683 2233 713 2295 in
733 2233 864 2296 doctrina
885 2233 1044 2316 profecisse
1064 2252 1100 2294 ex
1121 2252 1181 2316 quo

90 2344 157 2386 cum
171 2325 288 2385 Graecis
302 2322 410 2383 uersari
424 2322 588 2402 coeperit¹3
603 2339 699 2402 neque
712 2339 784 2383 uero
799 2318 919 2384 dubium
933 2334 977 2382 est
991 2321 1061 2402 quin
1074 2321 1182 2383 Roma·
1206 2337 1209 2340 ·

89 2429 194 2472 norum
207 2408 356 2490 ingenium
370 2420 400 2468 et
413 2421 504 2476 artem
519 2405 645 2467 multum
664 2405 824 2468 excoluerit
843 2407 1023 2468 Graecomm
1043 2406 1179 2470 imitatio.

87 2497 192 2557 Poetae
219 2495 248 2555 in
276 2495 375 2574 primis
397 2492 509 2574 ingenti
533 2491 630 2554 studio
657 2492 694 2552 ad
720 2491 811 2558 illam,
825 2492 976 2554 adsiduam
1000 2493 1181 2554 Graecorum

87 2580 308 2642 familiaritatem
325 2599 358 2642 se
376 2579 574 2654 contulemnt,
594 2598 698 2641 eorum
715 2579 884 2661 praesertim
902 2580 952 2662 qui
967 2577 1038 2642 olim
1056 2579 1182 2642 Alexan·
1229 2643 1233 2652 ,

54 2727 55 2730 ,
86 2667 165 2729 driae
184 2668 297 2748 poesim
316 2687 353 2728 ex
371 2667 489 2749 antiqua
508 2665 603 2727 forma
625 2666 703 2727 haud
724 2667 878 2728 infeliciter
900 2665 1090 2743 inflexerant3
1112 2665 1180 2728 inde
1383 2743 1405 2752 g

84 2755 140 2836 ipsi
163 2774 271 2816 nouam
292 2753 406 2836 pulchri
427 2754 584 2838 imaginem
607 2751 791 2830 hauriebant,
815 2754 877 2816 siue
903 2753 1014 2816 Graeca
1037 2773 1126 2836 opera
1149 2754 1180 2816 in
1307 2815 1317 2836 ἢ
1380 2822 1385 2830 ,

85 2844 209 2925 patrium
229 2863 395 2905 sermonem
414 2842 555 2906 uertenda
572 2841 740 2919 curabant²,
763 2843 825 2905 siue
839 2840 1045 2906 tantummodo
1059 2841 1178 2906 doctam
1298 2837 1339 2918 ,’

84 2931 161 2993 illanr
175 2933 347 3016 elegantiam
362 2945 391 2994 et
404 2932 589 3008 suauitatem,
605 2933 737 2994 Romana
751 2933 893 3016 grauitate
907 2945 1107 3014 temperatam,
1123 2931 1177 2996 sibi

84 3021 283 3083 adsumebant.
299 3021 473 3105 Plerumque
487 3021 565 3083 enim
579 3020 673 3083 Latini
687 3019 728 3083 illi
741 3021 963 3084 comoediarum
979 3033 1008 3082 et
1018 3019 1177 3104 lyricorum

84 3112 243 3172 carminum
255 3110 409 3194 scriptores
423 3130 522 3174 secum
536 3110 643 3194 aliquid
656 3113 779 3173 retinere
792 3109 899 3188 solent,
913 3109 995 3193 quod
1009 3129 1110 3172 ueram
1124 3131 1176 3194 pa·
1256 3162 1260 3168 .
1324 3179 1326 3190 ,

83 3199 130 3261 trii
142 3199 251 3278 ingenii
263 3200 392 3280 speciem
406 3198 561 3276 exhibeat3
576 3199 627 3262 sed
641 3218 707 3261 raro
726 3197 759 3261 fit
777 3212 811 3262 ut
828 3198 914 3261 nobis
932 3199 1017 3261 liceat
1034 3213 1177 3281 quatenus
1326 3199 1329 3212 ¹

84 3285 212 3348 imitator
224 3288 261 3349 ab
277 3286 433 3368 exemplari
446 3306 501 3350 suo
520 3286 684 3350 discesserit
701 3286 889 3370 perpendere.
904 3287 980 3349 Nam
1000 3285 1175 3362 omniafere

81 3371 131 3436 illa
149 3373 324 3456 exemplaria
341 3394 415 3457 quae
434 3375 541 3438 totiens
559 3373 632 3438 olim
645 3375 800 3458 diligenter
815 3388 929 3439 uersata
943 3386 1035 3452 erant,
1050 3375 1177 3453 Gothica

83 3459 209 3523 barbarie
227 3460 323 3524 diruta
339 3475 425 3540 sunt;
446 3481 541 3545 neque
560 3461 619 3525 ulla
636 3482 733 3545 prope·
746 3464 805 3527 iam
823 3483 889 3546 spes
907 3477 1039 3546 superest
1059 3461 1123 3525 iore
1143 3476 1176 3526 nt

82 3549 201 3633 aliquod
214 3550 363 3614 Menandri
377 3570 464 3634 opus,
474 3551 510 3614 ad
522 3551 602 3614 hunc
616 3553 695 3616 diem
709 3569 745 3614 er
759 3553 853 3616 oculis
867 3553 974 3616 nostris
987 3550 1174 3627 subductum,

83 3659 180 3703 mrsus
193 3642 224 3702 in
235 3639 333 3702 lucem
346 3639 519 3723 proseratur.
535 3641 636 3717 Quare
648 3661 764 3724 semper
782 3642 920 3706 timemus
937 3661 975 3705 ne
996 3641 1121 3704 nimium
1138 3641 1175 3706 de
1315 3715 1318 3722 ⁴

82 3728 210 3791 Terentii
223 3729 270 3791 uel
283 3729 376 3792 Plauti
385 3730 505 3816 ingenio
520 3729 672 3794 detrahere
689 3731 853 3810 uideamur,
866 3750 935 3796 cunt
951 3729 1070 3793 illomm
1086 3747 1176 3813 opere
1298 3741 1301 3750 ’

111 3947 130 3978 ι.
143 3933 224 3979 Tere-l.
233 3935 319 3992 disper„
329 3936 347 3988 l‚'
357 3949 377 3989 r,
386 3947 399 3980 a
408 3950 453 3994 sqq.
463 3935 498 3980 Cf.
509 3937 615 3982 Vnotttr
626 3937 690 3990 Aera..
701 3939 738 3992 Vl,
749 3941 788 3994 147

83 4039 90 4080 Ι
108 3997 129 4031 a.
139 3987 196 4029 hate
205 3989 261 4044 qnod
270 3989 370 4032 Atacinus
377 3989 455 4099 Vamap
462 3988 548 4032 Valerio
558 3990 633 4034 l'leceo
642 3993 699 4035 uiam
708 3952 861 4049 aperimlqzn
871 3991 979 4049 Apollonii
994 4003 1038 4058 poa
1047 3992 1177 4047 sperandas

189 4233 217 4266 ιι
229 4235 325 4277 vuasto
338 4233 429 4270 rusco.
