2970 4802
285 711 290 750 l

511 495 523 554 i
538 500 618 572 piru·
632 489 650 568 ἦ
662 495 706 570 pis
718 495 822 572 ὄφελλεν
835 493 935 571 desipies
949 494 1101 562 iiclicedet.

310 583 320 598 ”
367 595 370 610 ¹
416 581 420 592 ’
505 519 589 624 edendi
603 571 727 638 mtrictu
741 568 824 642 φυγὼν
837 567 914 644 pdpctt
929 586 937 602 ·
952 567 971 624 cl
985 569 1012 622 ti
1025 587 1066 642 μιν
1080 561 1140 623 eice

558 643 628 710 iilum
641 639 689 694 lei
733 642 782 704 uui.
797 640 853 695 edic
867 638 1018 713 rtpoxdpotdt
1031 640 1111 708 datin,

509 729 605 766 ιινιιιν
618 711 647 765 cil
660 713 683 766 ol
698 729 774 784 ιγιιγι
787 715 849 784 κακῇ
864 706 1012 783 inq-tepet
1025 707 1071 784 ie„
1081 715 1100 764 Ι.

481 833 584 904 Pergis,
599 833 646 900 ait,
661 832 780 900 demens,
793 844 873 905 teque
889 832 961 888 illius
973 849 1006 887 an
1036 831 1151 903 tirnapo

482 902 605 976 Curaque
617 903 662 976 qui
677 902 789 976 profuga
804 901 893 958 forsan
906 905 978 958 te'net
1016 915 1042 958 ta
1055 904 1154 969 camna,

482 972 539 1040 Qui
559 989 593 1028 ue
607 990 698 1028 meum
713 976 809 1046 patrias
823 971 917 1028 referet
930 989 979 1028 nec
994 972 1140 1028 nomenati
1154 971 1251 1028 urbes?

481 991 557 1108 Quid
568 1061 612 1098 me
624 1053 713 1098 autem
726 1044 763 1098 sic
777 1042 823 1097 ille
835 1055 938 1110 mouet,
952 1054 1090 1115 superenne
1103 1041 1218 1111 labores,
1318 1079 1319 1082 =
1377 1064 1381 1072 ’

481 1113 525 1169 An
539 1114 613 1169 eadat
624 1126 650 1170 et
662 1125 737 1169 tanto
751 1114 869 1168 turbetur
882 1113 993 1172 Graecia
1005 1111 1098 1168 luctu?
1100 1152 1152 1170 .....

445 1211 449 1218 .
482 1183 509 1240 Ο
522 1186 624 1238 utinam
639 1196 665 1239 et
675 1183 781 1238 tandem
796 1200 851 1239 non
866 1183 914 1238 hac
929 1196 1077 1240 moreretur
1088 1186 1116 1238 in
1129 1183 1210 1238 urbei

480 1253 603 1326 Namque
616 1265 642 1310 et
655 1254 759 1309 sidereo
773 1255 856 1308 nostri
870 1254 903 1308 de
916 1253 1045 1326 sanguine
1058 1252 1149 1310 Phrixi

482 1323 594 1392 Dicitur,
610 1336 636 1379 et
649 1340 738 1379 caram
753 1323 808 1379 uidi
823 1321 968 1380 indoluisse
979 1339 1118 1390 sororem;

480 1393 567 1468 Seque
580 1398 617 1448 ait
629 1395 677 1450 has
689 1393 766 1449 iussis
779 1406 870 1450 actum
884 1393 965 1450 miser
977 1396 1015 1449 ire
1028 1411 1075 1467 per
1088 1393 1179 1450 undas.
1201 1401 1216 1409 ’·

479 1465 515 1520 m
528 1465 617 1519 redeat
629 1479 799 1537 quocumque
813 1465 906 1532 modo,
921 1481 965 1520 me
983 1480 1017 1518 ue
1031 1466 1192 1536 intepretari

479 1533 586 1590 Nesciat
598 1546 676 1608 atque
691 1549 781 1590 meum
796 1551 852 1589 non
865 1535 951 1590 oderit
965 1481 1009 1589 dle
1021 1540 1183 1608 patenum&

259 1683 260 1688 ἵ
304 1707 394 1770 Vides
413 1722 554 1790 quantum
574 1707 706 1770 Velerius
725 1707 845 1770 Medeae
864 1705 1074 1772 sollicitudines
1095 1721 1125 1770 et
1140 1727 1261 1792 grauem
1281 1706 1399 1792 religio·

304 1811 373 1856 nem
387 1805 416 1855 et
429 1793 567 1874 pietatem
581 1813 650 1876 erga
664 1808 797 1877 patentes
811 1794 940 1872 auserit3
955 1795 1004 1857 cui
1015 1795 1143 1875 genuina
1160 1795 1252 1856 uirtus
1264 1806 1295 1856 ct
1307 1795 1400 1876 patria
1411 1811 1426 1843 ²-

304 1881 464 1944 reucrentia
477 1881 595 1944 unicum
609 1896 677 1944 sunt
690 1879 875 1964 praesidium.
895 1881 952 1943 Sed
972 1896 1114 1965 quantum
1135 1882 1234 1966 ignara
1254 1881 1398 1964 uoluptati

304 1967 392 2045 cedit,
407 1987 476 2030 cum
489 1969 631 2051 pudorem
645 1982 676 2032 et
694 1968 828 2032 ardentes
848 1968 916 2031 illos
936 1967 1058 2032 effectus
1078 1969 1154 2032 inter
1173 1989 1206 2032 se
1225 1969 1396 2047 concilians,

304 2067 402 2131 mente
414 2054 528 2120 turbata
587 2055 702 2120 ilicetur
720 2075 752 2120 se
774 2070 894 2119 mortuo
915 2055 999 2119 heroi
1020 2057 1096 2120 iusta
1115 2056 1295 2120 soluturam!
1318 2059 1398 2120 Haec

304 2143 463 2208 ertultima
476 2144 534 2207 iam
621 2145 767 2208 cuinutis
781 2144 942 2208 contentio.

593 2372 669 2390 .....
677 2332 705 2388 si
719 2331 826 2404 quando
839 2329 918 2386 iuerit
931 2341 1021 2385 tamen
1035 2329 1088 2385 ulla
1102 2342 1225 2404 potestas,

511 2400 592 2458 Illum
605 2417 668 2475 ego,
683 2401 728 2487 qui
743 2403 807 2457 diris
820 2405 888 2457 cluis
901 2401 1011 2456 ultimus
1024 2399 1137 2457 haeserit
1150 2403 1231 2472 aruis,

512 2471 641 2547 Ossaque,
658 2489 717 2544 quus
729 2473 796 2528 tauri
810 2489 957 2547 saeuusque
971 2474 1115 2545 pepercerit
1130 2475 1211 2558 ignis,

511 2541 683 2616 Componam
696 2543 786 2600 sedem
806 2559 839 2598 ue
853 2543 932 2599 dabo.
949 2543 998 2600 ras
1009 2555 1072 2598 tunc
1085 2543 1153 2598 milu
1167 2557 1259 2600 manes

512 2613 642 2671 Dilexisse
657 2617 708 2670 uiri
722 2561 880 2689 tumtdoque
893 2613 940 2670 has
954 2615 1062 2670 reddere
1075 2621 1176 2674 cumsi.

299 2787 380 2852 Nihil
392 2803 491 2852 autem
504 2789 561 2854 tale
573 2791 702 2854 Graccus
716 2804 805 2874 poeta
817 2792 977 2854 inuenerat.

339 2878 407 2941 Non
418 2878 508 2964 igitur
520 2878 695 2962 Chalciopes
706 2877 783 2942 illius
798 2898 870 2964 quae
885 2891 1033 2941 maternos
1052 2896 1156 2940 sensus
1177 2879 1251 2941 mira
1271 2879 1393 2941 ueritate

301 2965 466 3029 effundebat
479 2965 622 3050 precibus.
636 2966 688 3031 sed
700 2967 791 3050 ipsius
804 2968 926 3031 Veneris
940 2965 1071 3051 potentia
1086 2986 1162 3050 opus
1175 2967 1230 3030 erit
1251 2980 1284 3030 ut
1304 2965 1405 3048 uirgi.

302 3055 347 3118 uis
359 3057 472 3118 animus
493 3055 651 3139 frangatur.
673 3058 734 3119 Dea
755 3056 833 3118 enim
851 3057 925 3140 ipsa,
947 3053 1199 3119 Circeshabitum
1211 3067 1335 3140 gerens,
1357 3055 1393 3118 ad

301 3143 476 3206 seruandum
489 3146 624 3207 lasonetn
637 3162 703 3207 eam
716 3143 854 3226 impellit;
875 3145 926 3207 scd
947 3162 1123 3228 quamquam
1144 3166 1160 3202 e
1176 3147 1211 3206 er
1225 3142 1361 3206 machina
1376 3155 1400 3199 s·

301 3228 474 3293 descendere
497 3232 623 3309 uidetur,
644 3231 822 3315 singularem
842 3232 903 3293 uim
924 3251 957 3293 ac
978 3243 1155 3315 potestatem
1178 3250 1248 3312 prac
1270 3252 1303 3293 se
1323 3229 1392 3306 scri,

300 3336 369 3382 cum
381 3331 442 3380 tem
455 3317 620 3382 ardentibus
634 3318 829 3402 suauibusque
843 3318 939 3382 uerbis
958 3319 1094 3381 Medeam
1115 3317 1263 3400 perturbat
1283 3331 1314 3381 et
1332 3331 1394 3380 tam

300 3405 457 3469 artificiose
470 3407 631 3489 supplicem
644 3408 777 3470 iasonem
790 3405 921 3491 depingit
934 3420 968 3469 ut
981 3404 1107 3489 puellam
1120 3424 1253 3468 amorem
1266 3404 1349 3469 fateri
1363 3418 1394 3468 et

299 3500 429 3645 gattam
441 3513 555 3558 seruue
568 3505 684 3578 cogsti.
698 3495 814 3558 Fmstrs
827 3491 898 3558 haec
911 3493 1037 3558 luctatur
1049 3506 1078 3556 et
1092 3491 1122 3556 in
1135 3493 1268 3558 diuinum
1282 3506 1393 3558 numen

406 3593 441 3646 tr
455 3615 458 3621 ,

473 3740 582 3816 lamque
595 3753 657 3799 toro
670 3743 784 3816 trepidas
797 3737 888 3798 infelix
902 3740 1015 3798 obstruit
1027 3755 1105 3797 eures
1294 3809 1296 3816 y

470 3810 856 3958 ιιιιιιιιι
866 3827 969 3939 ιιι
983 3823 1187 3940 ιιιιι
1212 3891 1231 3926 .

470 3955 629 4014 Iamdudum
643 3927 716 4030 ct’rpit
726 3971 758 4011 ec
771 3955 840 4012 diras
854 3954 965 4020 euadere
972 3899 1085 4014 qumod.
1174 4013 1175 4018 ,
1265 3995 1267 4000 -

299 4082 505 4104 *ἡὴ-ι·-

324 4158 685 4217 t.Arot.t..lren.‚lll‚⁴d⁴rqq.
737 4195 739 4202 ,
894 4159 1162 4230 pinqvllntotqpv
1231 4195 1232 4198 ,

322 4228 406 4275 avae
416 4227 613 4286 Aspendium
622 4243 669 4289 sqq.
713 4245 715 4250 ·
897 4246 1131 4304 pmvnmbtot.
1187 4282 1195 4296 .

323 4297 558 4373 plumbeos-ato.
833 4308 836 4314 ’
887 4355 889 4360 .
