2996 4792
775 241 989 310 „„..

342 344 466 436 inomni
488 392 520 436 re
540 370 668 434 attribuit
688 385 794 453 partes.
819 371 969 435 Postremo
989 368 1132 446 Valerius,
1157 383 1189 434 ut
1211 361 1329 434 andacia
1349 369 1426 434 illius

342 461 454 524 consilii
466 459 693 544 magnitudinem
706 473 823 543 augeat,
838 460 916 522 Deos
930 459 1088 522 ostendite
1101 477 1218 522 summo
1232 457 1426 522 ostendun-

206 567 213 572 ·
341 561 447 625 tentes,
467 567 562 634 neque
583 566 670 610 unam
694 546 898 611 tantummodo
921 547 1023 622 Deam,
1044 545 1096 609 scd
1120 545 1264 610 Palladem
1286 545 1373 609 simul
1395 559 1426 610 et

243 665 248 672 ·
339 637 477 698 lunonem
492 635 621 718 depingit
635 653 703 697 cum
715 637 771 698 lam
786 635 920 717 Cyaneae
933 653 1018 716 rupes
1032 651 1124 716 prope
1140 633 1216 697 inter
1231 653 1264 696 se
1281 630 1426 696 collidun-

338 735 397 800 tnr,
410 735 564 806 utrumque
577 740 717 785 cacumen
728 720 824 785 ualida
837 740 924 784 manu
937 722 1093 784 retinentes
1102 729 1123 782 ¹.
1146 721 1195 784 Sic
1214 719 1424 806 quodcumque

339 809 376 872 de
389 811 501 874 Graeco
514 810 669 893 exemplari
682 810 841 893 desumpsit
859 810 899 872 ita
917 808 1087 873 iniormauit
1108 822 1141 872 ut
1158 807 1346 872 uehementer
1362 809 1424 872 ani·

339 917 405 962 utos
417 912 568 983 moueret3
582 898 662 984 quod
676 911 708 962 ut
723 898 940 984 adsequeretur,
957 917 1003 960 res
1019 897 1163 960 ornandas
1180 909 1211 960 et
1227 895 1375 982 augendas
1392 909 1423 961 et

338 986 550 1070 amplificandas
570 987 726 1051 artificiose
751 987 874 1052 curauit.
898 985 1055 1070 Utriusque
1078 987 1147 1050 artis
1174 983 1339 1070 exemplum
1365 985 1422 1050 bos

338 1087 437 1151 uersus
449 1073 559 1138 autem
573 1094 634 1138 non
647 1074 787 1138 dubitem.
817 1085 819 1092 ’

541 1325 633 1385 nrt
779 1321 791 1346 ²
791 1299 867 1316 '''''
887 1253 1127 1384 fl'·⁶'⁵¹'‘³b¹⁴⁰⁰'“‘

584 1349 617 1417 pq
633 1330 694 1383 subt
725 1347 835 1402 ιιςιιχιν
850 1326 906 1400 ptine
946 1328 1004 1382 eid
1041 1327 1153 1402 adaspios

540 1417 661 1472 σιωμιναι
721 1418 789 1472 μων.

484 1540 537 1596 Sed
548 1556 634 1614 neque
648 1541 781 1626 permissis
795 1541 848 1596 iam
863 1537 975 1598 fundere
989 1551 1076 1597 rector
1089 1539 1201 1596 habenis

483 1609 793 1754 {institutit
825 1612 1242 1756 ftrzlliitltlztmn

484 1753 669 1809 Comminus

281 1930 286 1938 '
367 1924 487 2008 Aequali
507 1924 604 1988 studio
626 1925 757 1988 Valerius
776 1925 813 1988 ad
836 1946 869 1988 ea
887 1926 1027 1989 incumbit
1045 1945 1119 2009 quae
1142 1939 1237 1988 truces
1257 1923 1417 1988 uiolentos-

331 2032 386 2096 que
399 2032 499 2076 sensus
513 2013 673 2096 designant.
690 2013 837 2096 Quicquid
850 2013 983 2075 homines
997 2013 1027 2075 ui
1040 2027 1140 2095 agunt,
1156 2013 1185 2074 in
1198 2012 1293 2075 lucem
1306 2012 1415 2096 prodit,

330 2119 423 2182 neque
431 2100 547 2162 horrida
555 2101 744 2163 uelimmania
752 2101 930 2164 reformidat.
940 2101 988 2164 Sic
994 2100 1180 2164 Lemniorum
1188 2100 1306 2162 caedem
1314 2102 1416 2163 acriter

329 2201 358 2248 et
370 2187 558 2249 uehementer
568 2188 761 2263 adumbrauit,
776 2207 864 2270 quam
878 2189 1005 2249 Graecus
1019 2188 1054 2250 ab
1064 2188 1158 2250 oculis
1168 2185 1271 2248 sedulo
1280 2206 1416 2250 remoue·

330 2287 372 2335 rat
381 2284 401 2337 ³.
417 2274 563 2356 Pingenda
575 2275 623 2336 illa
637 2275 791 2337 mulierum
804 2274 932 2336 inaudita
946 2274 1115 2337 crudelitate
1129 2275 1200 2336 mire
1218 2274 1334 2336 uidetur
1351 2293 1414 2336 esse

327 2361 498 2425 delectatus.
522 2365 622 2446 Neque
645 2382 768 2446 usquam
795 2362 864 2425 alias
890 2363 968 2445 apud
995 2381 1061 2425 eum
1088 2381 1187 2446 parem
1214 2363 1328 2424 dicendi
1353 2363 1414 2426 uim

328 2463 358 2512 et
378 2449 492 2514 colores
515 2451 641 2513 utriendi
663 2464 752 2513 artem
776 2452 910 2533 reperias.
934 2452 1071 2514 Ceterum
1093 2471 1189 2514 rerum
1210 2452 1414 2534 copiosissima

329 2538 443 2601 uidetur
456 2538 503 2600 illa
517 2544 650 2601 narratio.
668 2541 742 2600 Nam
756 2559 816 2601 non
827 2538 923 2601 solum
938 2539 1096 2602 trucidatos
1105 2540 1241 2602 Lernnios
1251 2540 1412 2622 descripsit,

326 2625 479 2689 sedetiam
493 2626 665 2710 Hypsipyles
680 2627 828 2702 uirtutem,
842 2628 912 2689 dum
927 2627 1050 2690 mediae
1067 2643 1163 2712 strage
1184 2647 1284 2690 senem
1304 2641 1414 2710 patrem

235 2773 236 2776 ,
327 2715 420 2797 eripit,
435 2714 526 2775 fusius
540 2713 678 2776 laudauit.
695 2717 754 2776 llas
768 2728 866 2776 autem
880 2735 936 2791 res,
955 2717 1029 2777 inter
1041 2735 1072 2778 se
1087 2714 1205 2797 pulchre
1224 2717 1413 2779 cohaerentes

327 2799 399 2862 bene
412 2803 579 2881 composuit
590 2815 621 2862 et
634 2820 770 2882 personas
783 2815 850 2883 apte
864 2803 1014 2882 expressit.
1031 2803 1132 2883 Neque
1145 2803 1249 2880 mirum
1269 2817 1314 2864 est
1333 2803 1413 2885 quod

327 2901 529 2971 argumentum
549 2888 644 2970 ipsum
663 2901 767 2972 poetae
787 2902 915 2951 tuentem
933 2888 1142 2964 subleuauerit,
1161 2909 1228 2950 nam
1245 2889 1333 2969 digna
1353 2902 1413 2951 erat

266 3025 270 3030 .
327 2973 374 3036 illa
387 2974 544 3060 Hypsipyle
558 2993 631 3061 quae
646 2989 678 3038 ut
691 2988 737 3038 tot
750 2975 822 3038 aliae
835 2975 871 3039 ab
883 2976 990 3039 inclitis
1004 2976 1098 3058 poetis
1107 2975 1267 3039 celebratae
1276 2975 1412 3039 mulieres

328 3064 442 3145 pietatis
462 3065 625 3146 exemplum
645 3077 785 3128 maneret.
810 3066 881 3138 Quo
903 3065 1000 3127 studio
1020 3065 1270 3147 incertumpatris
1291 3064 1413 3146 gradum

327 3153 460 3227 sustinet,
474 3170 532 3235 qua
544 3151 691 3234 diligentia
700 3170 799 3212 senem
807 3153 838 3212 in
846 3152 918 3214 aede
927 3165 995 3234 post
1003 3151 1109 3213 bacchi
1118 3151 1303 3213 simulacrum
1315 3151 1414 3215 occul·
1428 3163 1429 3166 ’

256 3309 259 3314 ,
328 3251 381 3315 tat,
400 3259 460 3323 quo
479 3252 510 3301 et
529 3259 618 3322 quam
635 3251 735 3301 sancto
757 3237 841 3314 dolo,
866 3252 988 3315 «casta,
1012 3253 1046 3302 ut
1068 3240 1108 3301 ita
1132 3239 1238 3321 dicam,
1258 3239 1367 3300 inceste
1382 3262 1410 3315 s,

328 3327 485 3389 sacerrimis
498 3328 675 3390 ornamentis
686 3326 797 3401 induta,
813 3329 945 3408 thyrsum
959 3342 1173 3403 manutenens,
1188 3339 1299 3410 patrem
1313 3329 1343 3388 in
1356 3329 1411 3388 Dei

327 3433 413 3476 curru
426 3415 553 3477 locatum
565 3428 677 3476 statuae
690 3413 814 3476 similem
827 3427 857 3476 et
868 3415 931 3496 ipsa
945 3414 1032 3497 Lyaei
1045 3429 1128 3477 ueste
1142 3428 1276 3497 opertum
1290 3433 1342 3497 per
1351 3414 1413 3476 uias

328 3501 454 3564 inuehitl
468 3500 584 3577 Quibus
596 3501 721 3585 denique
734 3502 867 3583 precibus
880 3499 949 3564 ielis
958 3504 1109 3585 nauigium
1118 3521 1134 3564 a
1142 3503 1212 3565 Deis
1222 3515 1298 3578 orat,
1309 3500 1413 3586 quibus

328 3589 408 3652 uotis
419 3590 557 3672 scapham
568 3589 668 3673 inqua
681 3587 786 3650 insedit
805 3607 906 3664 senex,
927 3591 1112 3674 prosequitur
1131 3589 1340 3654 decedenteml
1360 3590 1414 3651 At·
1435 3653 1437 3658 ,

246 3709 251 3715 ·
328 3695 385 3760 que
406 3676 478 3740 haec
498 3693 567 3739 uere
588 3695 667 3739 noua
686 3687 765 3750 sunt,
784 3677 891 3761 quippe
909 3695 985 3760 quae
1006 3677 1181 3762 Apollonius
1202 3697 1263 3742 uno
1282 3672 1412 3740 alterou'e
1433 3698 1435 3703 ·

328 3764 716 3849 ιιεῐωοδίῐεητῑίςεήῐ.”·
800 3781 812 3792 ’·
850 3783 884 3790 ·’
1004 3799 1005 3802 ¹
1086 3787 1087 3794 ¹
1152 3789 1155 3797 ¹
1326 3787 1329 3796 ·
1407 3764 1437 3796 ¹'

366 3853 480 3915 Etenim
505 3850 650 3928 Valerius,
676 3851 784 3935 quippe
810 3853 860 3936 qni
885 3852 1008 3937 legentis
1033 3855 1162 3918 animum
1193 3873 1324 3929 mouere
1342 3853 1412 3918 uelit

328 3999 534 4013 -nnn—-u--n

425 4019 430 4028 s
500 4023 504 4030 ι

483 4028 502 4056 ’tv
832 4029 835 4036 ¹
1001 4023 1005 4058 1
1027 4035 1030 4046 ¹
1075 4040 1079 4054 r
1124 4021 1153 4048 ζ’·
1379 4032 1383 4044 *
1408 4029 1410 4038 ’

355 4055 557 4141 accumbit.
570 4089 610 4132 aa
621 4099 668 4144 qq.
680 4105 708 4120 -
720 4087 783 4141 vm,
797 4084 836 4141 rt.
914 4057 1231 4146 mmmmm-vn,
1242 4091 1349 4166 mcv:
1375 4075 1381 4104 ²
1404 4084 1407 4089 ’

326 4143 374 4186 ἢ.
490 4153 577 4193 'tus
753 4175 757 4188 .
831 4165 834 4176 ι
921 4157 1168 4213 ‚.m.q.m
1247 4161 1283 4178 ι·
1326 4157 1330 4185 2
1379 4167 1409 4184 η
