2970 4802
583 275 628 294 ..
674 257 709 328 55
756 275 799 290 ...

148 397 252 460 Nonne
264 411 299 454 ex
314 388 476 453 Theocrito
489 407 608 474 quoque
621 387 680 452 hoc
694 385 855 469 desumpsit

564 595 641 614 .....
647 551 661 608 ὃ
675 551 700 606 δ’
715 547 763 606 sltl
776 549 887 622 plosor«
900 559 958 623 yolo

326 623 461 698 dsmpdsou
475 625 589 697 peplum
601 621 677 678 πόνοι
691 625 766 696 χροιῇ
780 619 807 676 dl
821 619 844 676 r'
859 617 965 694 ipatus·
967 661 1034 689 ......
1137 673 1139 679 .

146 797 226 884 quod
239 796 268 860 in
282 793 360 858 illam
373 794 502 878 speciem
515 793 651 858 reduxit?

358 1005 435 1024 .....
439 962 519 1019 Noua
531 965 572 1020 uls
585 965 692 1028 lterum,
707 976 779 1018 noua
790 975 902 1033 corpora
914 965 1051 1034 surgunt¹.

145 1139 402 1203 Consentaneum
394 1139 481 1220 agitur
494 1150 538 1200 est
550 1137 716 1199 existimare
729 1135 811 1218 plura
823 1135 952 1211 Valerio,
966 1153 1036 1198 cum
1049 1133 1098 1196 illa
1112 1133 1234 1216 perscri-
1239 1161 1242 1166 ·

144 1228 234 1302 beret,
248 1225 338 1288 iulsse
351 1224 496 1328 exempla:

181 1317 220 1378 Αι
232 1313 348 1398 propria
361 1326 422 1376 arte
437 1311 530 1375 uarias
544 1311 709 1375 certaminis
725 1323 821 1394 partes
834 1331 894 1373 non
907 1308 1021 1373 solum
1012 1323 1089 1372 mter
1096 1329 1128 1372 se
1137 1309 1233 1391 aptius
1353 1333 1357 1338 ·

143 1402 246 1477 iunxit,
260 1399 410 1464 sedetiam
424 1420 512 1463 unam
525 1419 561 1462 ιι
575 1398 686 1461 altera
678 1415 720 1462 rra
733 1398 853 1462 deduxit
867 1410 900 1460 ut
913 1399 1007 1461 maior
1020 1397 1102 1459 lieret
1115 1395 1232 1460 lectoria

143 1447 294 1551 delectltio
309 1501 337 1549 et
355 1487 468 1550 uarium
486 1487 623 1570 idemque
640 1505 731 1549 unum
749 1505 826 1568 opus
844 1486 1010 1563 uideretur;
1029 1484 1134 1562 immo,
1154 1481 1233 1569 quod

143 1578 170 1638 ei
191 1595 260 1639 uere
284 1573 427 1658 peculiare
450 1589 494 1638 est
520 1573 697 1651 habendum,
722 1575 896 1637 certantium
922 1593 1024 1636 sensus
1051 1573 1091 1635 ita
1116 1573 1234 1656 egregie

142 1663 272 1745 depinxit
284 1673 318 1724 ut
331 1680 367 1724 ex
381 1663 424 1725 eis
438 1661 541 1744 proelii
555 1675 677 1724 euentus
692 1660 840 1746 penderet.
856 1660 1027 1743 Bebrycium
1041 1660 1119 1722 enlm
1134 1672 1235 1722 osten-

35 1741 39 1748 ’
143 1751 184 1814 dit
202 1765 385 1832 arrogantem
407 1763 436 1813 et
458 1751 576 1813 incauto
598 1749 702 1813 ardore
723 1762 851 1832 raptum,
872 1747 976 1812 deinde
994 1748 1182 1812 admirantem
1203 1761 1254 1845 et·

142 1853 307 1923 stupentem
327 1859 396 1902 cum
414 1838 563 1902 Pollucem
581 1840 669 1902 sentit
687 1837 765 1901 haud
784 1836 938 1902 infeliciter
955 1838 1114 1914 obsistere;
1129 1836 1231 1901 Pollux

100 1983 103 1990 .
141 1942 250 2004 autem,
271 1929 381 1992 uiribus
399 1929 532 1991 modeste
550 1927 675 2002 fidens,
667 1947 726 1990 rrae
744 1941 775 1990 et
793 1926 908 1989 uirtutis
926 1927 1068 2010 impetum
1083 1885 1232 2012 pludeutia

142 2017 318 2080 moderatur.
341 2017 426 2080 Breui
448 2036 585 2100 praeceps
604 2016 700 2099 agitur
719 2033 776 2092 res,
800 2013 895 2079 effuso
917 2015 1022 2099 Amyci
1042 2014 1152 2092 lurore,
1167 2014 1229 2119 qui,
1282 2052 1289 2060 ·

142 2105 221 2167 omni
244 2106 367 2169 consilio
390 2104 516 2181 sublato,
540 2105 615 2167 ictus
635 2119 744 2167 temere
767 2104 873 2208 prpicit
893 2116 922 2165 et
943 2102 1128 2187 Tyndariden
1146 2103 1229 2179 sinit,

33 2223 35 2232 ι
142 2193 278 2258 omnibus
297 2192 444 2257 fraudibus
464 2213 563 2268 usum,
585 2192 732 2276 genibus
723 2193 828 2254 ruuctis
845 2191 920 2255 latus
940 2191 1106 2254 aduersario
1125 2191 1230 2254 offerre

95 2335 98 2342 .
141 2294 170 2342 et
198 2301 333 2345 auersum
359 2285 504 2364 Amycum
537 2280 646 2344 ultimis
678 2279 843 2344 uulneribus
874 2281 1049 2363 opprimere.
1077 2282 1134 2357 ht,
1161 2299 1229 2344 curu

139 2369 270 2432 Valerius
284 2371 477 2474 pugnantium
490 2383 591 2433 motus
605 2382 635 2431 et
648 2367 762 2431 fraudes
776 2368 912 2432 describit
926 2383 955 2432 et
970 2369 1068 2433 uarios
1087 2368 1162 2432 ictus
1176 2388 1230 2432 no·

3 2454 4 2502 l
139 2471 193 2532 tat,
208 2458 333 2520 multum
346 2460 415 2520 artis
428 2457 566 2535 exhibet,
581 2459 695 2521 Graeco
709 2459 787 2520 enim
801 2457 946 2535 aemulus,
966 2459 1036 2520 dum
1055 2459 1117 2522 eius
1135 2457 1230 2520 breui·

139 2557 228 2607 tatem
252 2545 390 2629 effingere
411 2559 545 2623 conatur,
570 2566 649 2608 noua
672 2559 701 2608 et
722 2547 767 2608 sui
790 2546 905 2629 propria
927 2545 1016 2620 addit,
1046 2547 1153 2631 quippe
1179 2546 1229 2642 qul

138 2633 226 2694 animi
240 2653 341 2696 sensus
355 2631 521 2738 diligentius
535 2635 676 2715 exprimat
689 2648 720 2696 et
734 2634 844 2710 omnia,
860 2647 892 2697 ut
904 2634 944 2696 tta
954 2634 1060 2711 dicam,
1070 2629 1230 2698 uehemer't·
1304 2641 1306 2646 '
1362 2607 1398 2708 ζ’
1478 2611 1479 2666 3

137 2718 213 2782 tiore
226 2721 337 2802 impetu
350 2721 443 2803 rapiat
457 2734 486 2782 et
500 2721 640 2784 lucidiore
653 2719 755 2784 colore
769 2683 886 2794 inficiat.
983 2759 985 2766 ,

81 2841 91 2864 ι
177 2805 305 2870 Eandem
318 2821 409 2870 artem
423 2808 453 2871 in
466 2821 512 2872 tot
525 2806 713 2893 depingendis
727 2807 844 2892 proeliis
857 2807 1000 2882 adhibuit,
1016 2809 1182 2892 praesertim
1196 2808 1225 2872 lu

67 2889 82 2942 Γ
137 2893 188 2957 illo
206 2908 289 2959 sexto
309 2896 383 2960 libro
403 2914 492 2982 quem
509 2895 568 2960 iere
588 2910 685 2961 toturn
702 2897 756 2960 sibi
775 2895 922 2960 uindicare
943 2909 1065 2979 poterat=
1089 2897 1227 2983 quoniam

137 2983 310 3066 Apollonius
323 3006 384 3050 uno
399 2985 529 3050 alteroue
541 3005 626 3050 uersu
641 2985 716 3050 forte
729 2983 766 3048 ad
780 2985 827 3048 illa
840 2983 914 3048 bella
927 2986 1062 3068 respexit.
1078 2987 1138 3049 lam
1151 2985 1224 3049 uidi·
1266 2999 1274 3009 ·

137 3091 202 3134 mus
224 3087 334 3176 quanto
357 3074 406 3138 hic
430 3076 526 3138 studio
549 3075 682 3159 gentium
702 3074 774 3138 situs
797 3088 827 3138 et
845 3093 943 3138 mores
961 3072 1176 3138 obseruauisset
1193 3087 1223 3138 et

137 3162 249 3225 cunctis
260 3162 324 3225 siue
336 3161 457 3226 rebus
434 3182 496 3228 saue
506 3163 636 3247 personis
645 3163 792 3227 barbaram
807 3161 951 3248 quandam
963 3163 1091 3246 speciem
1104 3163 1227 3227 addidis-

137 3262 191 3314 set.
206 3249 247 3314 lbi
262 3270 380 3337 quoque
392 3251 540 3344 proelia
516 3264 575 3342 taqn
590 3252 745 3316 artificiose
759 3253 851 3333 pinsit
864 3267 897 3316 ut
909 3251 982 3316 nihil
995 3251 1133 3330 uiuidius,
1156 3249 1227 3316 nihil
1361 3303 1365 3310 .

136 3339 315 3404 concitandis
333 3340 436 3404 animis
454 3319 557 3426 aptius
565 3341 726 3426 excogites.
742 3341 817 3405 Sane
835 3343 998 3406 Homerum
1017 3355 1047 3406 et
1063 3299 1225 3425 Vergilium

136 3427 253 3493 adsidue
276 3429 447 3514 perlegerat,
472 3429 522 3494 sed
544 3450 580 3495 ιι
606 3449 711 3494 eorum
737 3429 911 3494 carminibus
932 3430 1090 3516 uerborum
1112 3443 1225 3494 tantum

136 3519 251 3624 copiam
275 3520 391 3582 uidetur
412 3521 579 3604 sumpsisse,
604 3521 703 3584 omnia
722 3533 783 3583 arte
805 3539 858 3583 sua
882 3512 1058 3598 retractansr
1078 3519 1227 3584 Gesander

135 3609 224 3683 enim,
240 3627 308 3671 curu
320 3607 494 3690 Scytharum
505 3609 627 3671 uirtutes
644 3608 752 3684 laudat,
767 3629 826 3671 non
845 3620 925 3671 totus
944 3609 981 3672 ad
994 3609 1162 3672 Numanum
1180 3622 1232 3673 est·
1256 3613 1262 3628 '

135 3694 336 3774 referendus³;
354 3715 421 3758 narn
441 3710 540 3778 poeta,
561 3716 628 3760 cum
652 3696 698 3759 illa
723 3653 834 3779 ploelia
857 3695 1043 3775 describeret,
1063 3715 1223 3782 numquam

135 3802 194 3845 non
212 3783 403 3847 barbarorum
422 3803 519 3847 mores
541 3799 570 3848 et
592 3803 661 3848 usus
682 3785 712 3847 in
734 3798 832 3847 mente
851 3783 971 3862 hahuit3
990 3785 1029 3848 ibi
1049 3799 1149 3849 exacta
1167 3783 1224 3848 tide

134 3871 233 3934 omnia
246 3889 380 3954 expressa
392 3884 423 3935 et
436 3872 517 3957 quasi
530 3872 643 3955 scalpro
658 3873 688 3936 iu
701 3891 750 3936 aes
763 3870 811 3936 uel
824 3890 952 3935 marmor
965 3873 1101 3936 uidentur
1112 3873 1224 3950 incisaq
1317 3923 1321 3936 .

296 4077 461 4124 -mamciv
473 4080 589 4132 ιι,,ιΝ
580 4091 653 4137 ryyst
730 4080 913 4137 s..,Vaa.Aqss
923 4081 1017 4137 mady.

134 4079 268 4176 rdill'dll
239 4091 480 4189 *harastald
453 4093 568 4191 tillia-i
655 4150 1112 4261 ·Arqqxqaymttmnrw·
1083 4151 1225 4199 ΛΜ
