2970 4802
90 483 202 549 suoque
213 461 332 546 ingenio
346 460 533 548 obsequatur,
548 460 685 548 quicquid
697 462 728 524 in
744 461 828 524 rebus
838 461 884 525 uel
898 462 1029 544 personis
1043 465 1173 547 corporis

91 566 140 615 aut
151 551 239 613 animi
253 551 313 611 uim
326 550 468 632 designat,
483 550 604 614 libenter
617 547 761 631 explicat;
776 548 846 610 nihil
865 550 954 634 igitur
971 550 1078 612 mirum
1095 551 1173 635 quod

91 641 151 702 eius
164 655 246 700 mens
258 637 289 699 in
301 635 417 718 proeliis
431 651 460 700 et
478 637 610 701 lusorum
624 655 784 718 corporum
798 651 893 720 strage
907 652 1059 714 uersetur3
1073 637 1103 700 in
1117 638 1174 702 boc

91 727 166 790 eninr
180 743 316 808 graecum
330 743 406 807 opus
418 725 500 789 aurit
512 740 541 788 et
557 724 693 789 omnibus
707 722 802 787 modis
815 725 948 788 nouauit.
960 723 1050 788 Cuius
1064 726 1106 788 rei
1118 725 1175 789 sin-

90 813 186 898 gulare
200 810 366 893 exemplum
380 813 464 876 nobis
477 813 607 897 porriget
620 811 746 874 Pollucis
759 825 789 875 et
803 811 963 894 Bebrycum
976 813 1053 894 regis
1070 813 1174 896 Amyci

89 917 245 966 certtmeo.
260 901 339 964 Tum
351 915 493 984 quatenus
509 902 546 965 ab
565 899 724 984 Apollonio
743 899 856 963 differat
875 899 1032 983 apparebit.
1047 900 1105 966 llic
1120 920 1174 964 au·

88 1004 148 1054 tem
160 989 317 1052 laudandus
330 1003 374 1052 est
387 991 676 1074 quodpugnatorum
691 989 831 1072 speciem,
847 988 939 1052 immo
952 991 1096 1074 quemque
1109 1008 1174 1072 gea-

89 1095 150 1144 tum
164 1077 211 1141 uel
223 1089 340 1140 motum
353 1091 413 1141 tam
426 1096 495 1142 uere
509 1077 680 1159 expresserit
693 1099 701 1154 ;
716 1096 820 1141 omnes
833 1097 879 1139 res
892 1077 923 1139 iu
936 1075 1033 1140 tabula
1051 1077 1174 1162 quadtm
1233 1125 1236 1132 .
1346 1079 1358 1088 '

88 1167 241 1231 delineatas
253 1163 300 1226 uel
313 1165 343 1226 in
357 1185 502 1229 marmore
515 1167 593 1228 dices
611 1165 770 1247 insculptas
782 1187 790 1242 ;
805 1163 901 1227 breuis
921 1163 969 1226 illa
988 1165 1125 1240 narratio,
1143 1165 1173 1228 in

88 1275 143 1340 qua
157 1252 227 1316 nihil
239 1250 379 1315 redundat
393 1273 445 1316 nec
458 1253 566 1328 delicit,
582 1272 719 1336 magnam
733 1253 794 1314 uim
809 1253 839 1313 in
853 1271 885 1314 se
900 1249 997 1314 habet.
1060 1325 1063 1332 1

111 1437 223 1512 [Polluta]
258 1443 303 1507 aral
319 1435 344 1509 ῥ’
359 1434 450 1510 aluntur
464 1439 505 1493 ret
518 1438 603 1511 χερσὶν
616 1434 710 1492 isauria
724 1446 809 1510 χιῐρας
824 1437 911 1510 ipsein.

420 1509 453 1560 dr·
496 1518 506 1563 t
614 1507 639 1530 '¹'
672 1503 708 1529 '⁹
761 1507 787 1561 ’ί

258 1581 298 1633 „n
311 1509 939 1666 ,atattrillp'lilifnfliliillinn

258 1647 371 1736 denunt,
385 1667 413 1735 ou
428 1648 456 1734 d’⁸
469 1649 573 1716 illinies
587 1649 715 1736 cormedus
724 1647 879 1736 'nurdtprstp
951 1672 955 1682 ·

256 1717 569 1850 taeggrcgssttfflfg
582 1719 971 1861 '‘illidilssidti‘dlt

256 1809 375 1932 ἐουτῦκος
388 1853 439 1948 οἱα.
455 1810 556 1915 uidebor
569 1813 715 1944 ullu-immo,
728 1857 775 1913 ried
788 1857 814 1913 tl
820 1859 927 1983 populu
972 1827 980 1848 ⁴

255 1929 578 2073 iil'ssstiiiiilii‘ils
594 1929 608 1985 ὃ
622 1929 773 2030 ‘'Q'‘
787 1929 819 1983 ⁶⁸
832 1947 886 1996 Μ’

87 2175 170 2236 Plura
182 2173 313 2236 Valerius
328 2174 363 2235 ad
372 2172 494 2234 uerbum
504 2191 595 2254 prope
605 2173 760 2245 transtulit,
772 2173 822 2235 sed
832 2171 926 2254 aliqua
933 2169 1063 2254 Vergilio
1072 2167 1168 2246 debet,
1237 2227 1243 2233 .

86 2263 135 2344 qui
147 2263 204 2323 lam
218 2258 323 2324 Entelli
336 2273 366 2323 et
381 2260 491 2322 Daretis
505 2261 535 2322 in
549 2259 715 2322 funebribus
725 2260 798 2322 ludis
811 2273 957 2322 certamen
971 2259 1043 2320 mira
1050 2271 1112 2320 arte
1121 2256 1170 2320 de·

86 2351 233 2432 pinxerat:
248 2368 316 2412 sane
334 2347 523 2430 Apollonium
541 2362 659 2411 secutus
678 2361 733 2423 est,
749 2349 821 2421 siue,
837 2346 963 2410 eundem
973 2357 1078 2410 'rerum
1094 2345 1172 2410 ordi·

86 2457 152 2500 nem
173 2457 303 2514 seruans,
325 2437 473 2501 Pollucem
493 2437 605 2500 induxit
626 2439 701 2500 ictus
721 2437 815 2519 primo
837 2436 935 2521 potius
955 2433 1170 2519 propulsantem

85 2545 170 2609 quam
183 2527 214 2587 in
226 2527 421 2588 aduersarium
436 2525 629 2601 incedentem,
640 2527 707 2589 inde
716 2525 826 2587 maiore
835 2525 943 2598 sensim
951 2523 1062 2608 impetu
1071 2541 1172 2608 aggre-

84 2613 219 2688 dientem,
234 2615 296 2677 siue
309 2627 465 2676 certantem
481 2613 601 2676 heroem
615 2633 683 2676 cum
698 2614 788 2677 docto
804 2611 932 2698 quodam
940 2613 1022 2676 nanis
1031 2611 1170 2698 magistro

84 2701 234 2765 contulit².
250 2705 305 2780 lta,
319 2703 343 2764 si
358 2703 412 2764 lros
426 2721 527 2765 uersus
541 2701 717 2784 perlegeris:

106 2941 108 2946 .
141 2883 190 2941 2⁶1
227 2886 365 2942 Continuo
379 2885 491 2958 Bebryx,
507 2884 607 2940 Maleae
621 2884 695 2940 uelut
707 2901 767 2940 nrce
781 2883 886 2958 fragosa

228 2957 322 3014 Turbo
335 2973 424 3029 rapax,
440 2957 484 3010 uix
498 2971 545 3012 ora
561 2960 658 3024 uirum,
675 2957 719 3011 uix
732 2955 825 3012 tollere
839 2971 929 3028 passus

229 3027 355 3085 Bracchia
368 3030 478 3084 torrenti
492 3041 615 3100 praeceps
629 3029 684 3100 agit
697 3027 813 3101 undique
826 3027 919 3082 nimbo

228 3099 357 3156 Cursibus
370 3098 520 3162 inuoluens,
534 3105 643 3171 totaque
656 3101 780 3152 immanis
793 3098 892 3152 harena

90 3211 111 3218 ,.
143 3166 192 3237 265
229 3169 386 3242 Insequitur.
402 3168 476 3240 vigil
490 3167 535 3222 ille
549 3179 622 3223 metu
635 3185 697 3222 cum
712 3179 816 3240 pectore
829 3169 950 3222 etarmls

230 3241 290 3296 Huc
303 3239 418 3294 alternus
431 3250 458 3294 et
470 3238 534 3303 huc,
548 3254 652 3310 semper
664 3239 756 3294 ceruice
769 3239 877 3304 redacto,
961 3297 964 3306 Δ

228 3312 341 3436 {emper
354 3323 380 3364 et
395 3311 423 3434 ip
429 3309 526 3436 rdeillm
540 3323 566 3372 et
579 3310 678 3364 summi
692 3307 802 3382 puluere
815 3307 913 3381 campi,

250 3395 280 3434 ro
307 3395 399 3434 cusu
475 3393 550 3438 t.....

143 3447 193 3504 282
228 3449 280 3503 Vix
291 3397 427 3516 :tererqann
442 3459 470 3506 et
482 3453 536 3504 iam
549 3467 611 3505 ecce
624 3462 704 3506 ruunt
718 3449 868 3523 inflictaque
881 3448 940 3507 late,

228 3519 317 3592 Terga
330 3530 444 3587 sonant;
459 3534 529 3576 noua
543 3522 584 3576 uls
597 3523 702 3588 iterum,
718 3536 790 3575 noua
803 3535 915 3592 corpora
927 3530 1045 3592 turgum.

228 3590 306 3644 Hunc
321 3589 415 3662 pudor,
430 3588 501 3645 hunc
516 3601 581 3646 noto
596 3592 650 3646 lam
663 3605 722 3662 spes
735 3590 874 3646 audentior
886 3591 963 3646 hoste

227 3657 385 3717 instimulat.
403 3660 516 3716 Fumant
529 3661 622 3716 erebro
636 3661 788 3735 pruscordia
802 3660 879 3733 pulsu
882 3703 935 3718 .....

143 3728 194 3804 289
229 3733 333 3789 Emicat
346 3731 390 3786 lric
403 3731 573 3806 dextramque
587 3744 659 3804 parat
672 3732 842 3806 dextramque
854 3733 971 3789 minatur

229 3801 412 3875 Tyndariden
427 3802 493 3858 redit
507 3801 560 3858 hue
573 3803 659 3859 oculis
672 3815 697 3858 et
711 3802 828 3876 pondere
842 3803 956 3876 Bebryx,

229 3873 275 3930 Sic
288 3884 370 3942 ratus,
385 3871 430 3928 ille
442 3883 531 3928 autem
546 3873 624 3928 celeri
640 3876 707 3947 rapit
720 3889 768 3929 ora
781 3873 894 3931 sinistra.

228 3942 407 4000 Conclsmxnt
420 3945 485 3999 socii
500 3956 527 3999 et
539 3943 640 3999 subitas
651 3946 715 3999 dant
728 3943 827 4016 gaudie
839 3959 920 4016 uoces
928 3950 949 4012 i,

27 4134 31 4141 '
107 4151 126 4184 a.
134 4143 213 4188 Αωιι.
223 4143 312 4199 Arm..
322 4144 351 4198 11,
361 4148 411 4200 pt...
421 4157 472 4201 ρ...
500 4180 503 4185 .
678 4158 697 4199 ς.
710 4146 753 4198 is..
766 4143 850 4206 mair
868 4141 1169 4204 ηφ-ΘΗηΛΝ·

80 4211 445 4318 u,.g.e1r,...‚n‚ne2„.
460 4213 495 4261 cr.
510 4217 599 4271 mu..
650 4199 697 4253 ⁴⁸¹·
756 4224 758 4228 ¹
1013 4257 1016 4260 .
1107 4203 1110 4212 '
