2970 4802
502 229 740 280 -121—

76 359 157 438 quod
169 361 200 422 in
211 359 270 424 boc
283 359 352 425 loco
367 360 431 446 plus
443 361 567 426 fortasse
582 361 695 427 Horatii
708 361 829 425 carmini
850 361 966 425 cuidam
987 361 1097 439 debuit,
1118 361 1168 445 qui

77 447 230 513 eadultam
244 448 412 532 uirginem»
428 470 445 513 e
457 450 612 514 moenibus
625 451 853 535 prospicientem
865 449 1061 535 depinxerat¹.
1071 449 1169 512 lutita-

76 550 160 600 tome
173 537 251 598 enim
265 556 333 601 uere
347 537 403 602 diei
417 553 516 623 potest
529 540 597 624 quia
609 538 736 602 breuiter
749 539 785 602 ad
798 539 952 622 antiquum
966 536 1035 601 illud
1049 539 1169 600 lunonis
1244 539 1247 544 “

75 624 261 707 suspendium
275 627 420 710 respicit²,
435 627 482 694 uel
497 629 564 712 quia
578 627 655 691 Clite
668 627 803 714 coniugis
816 641 942 692 mortem
956 625 1120 710 deplorans,
1136 638 1169 689 ut

75 712 280 777 Andromache
301 713 361 779 lere
383 717 512 801 queritur
529 731 642 800 patrem
662 729 844 802 matremque
861 715 1032 801 absumptos
1049 733 1124 792 esse,
1138 727 1168 777 et

75 815 190 885 raptum
204 803 300 864 uirum
313 803 394 867 illum
408 806 458 888 qui
471 806 594 871 miserae
608 805 696 886 patris
710 819 739 868 et
754 805 853 868 matris
871 805 951 868 uices
964 803 1165 888 expleuisserr.
1259 867 1263 874 .

75 889 148 952 Item
162 890 317 954 nonnullas
331 893 566 976 comparationes
580 891 712 978 praebet,
726 913 848 978 quarum
859 893 957 956 fontes
965 906 1046 954 erant
1059 894 1170 954 Home·

75 977 134 1039 rica
147 991 283 1060 poemata
295 993 326 1041 et
339 999 410 1064 quas
424 983 522 1046 denuo
536 995 703 1044 retractatas
716 1001 778 1044 non
790 981 880 1045 semel
893 982 969 1064 apud
984 979 1057 1043 alios
1065 994 1169 1064 poetas

74 1068 225 1150 reperias⁴.
257 1069 319 1131 Nec
346 1070 500 1154 quicquam
523 1091 559 1134 ex
587 1069 645 1134 boc
672 1069 772 1152 colligi
800 1083 897 1154 potest
924 1071 1003 1155 quod
1030 1070 1169 1152 Ulysseae

74 1153 180 1218 domus
193 1161 284 1220 καπνόν
299 1157 458 1225 meminus.
472 1160 542 1224 Nou
555 1173 653 1223 autem
666 1159 779 1222 minore
792 1159 924 1224 libertate
941 1161 1086 1244 quosdam
1103 1159 1170 1221 Pin·
1278 1197 1282 1205 -

73 1242 134 1306 dari
147 1243 233 1308 locos
251 1258 295 1308 est
313 1245 529 1331 interpretatus,
543 1250 572 1312 in
594 1249 642 1313 illa
658 1249 828 1332 praesertim
847 1249 942 1313 Peliae
959 1250 1093 1314 oratione
1110 1267 1169 1333 qua

73 1333 206 1464 lasonpm
225 1332 262 1397 ad
280 1336 470 1400 exercendam
489 1340 627 1404 uirtutem
645 1352 676 1402 et
693 1337 856 1402 faciendam
869 1338 1086 1422 nauigationem
1099 1336 1169 1400 bor-

74 1435 152 1485 tatur
172 1468 180 1486 .
350 1434 355 1447 '

113 1511 232 1595 Saepius
249 1514 367 1598 Vergilii
389 1515 519 1580 subsidio
543 1517 645 1596 utitur,
669 1535 723 1580 nec
744 1517 861 1594 mirum,
885 1515 954 1602 quia
976 1515 1011 1579 ab
1033 1513 1169 1581 omnibus

74 1600 206 1663 eiusdem
219 1603 320 1666 aetatis
334 1607 428 1686 poetis
442 1620 591 1689 tamquam
604 1625 691 1668 uerae
704 1626 830 1689 poeseos
845 1604 991 1689 exemplar
1005 1618 1035 1668 et
1048 1603 1115 1668 sons
1128 1618 1168 1680 et,
1207 1607 1210 1616 '

74 1703 107 1761 ut
126 1691 166 1752 ita
184 1690 290 1764 dicam,
313 1713 421 1757 numen
441 1694 611 1773 colebatur;
634 1694 670 1756 ad
691 1693 773 1757 illum
795 1697 874 1759 euim
888 1714 1036 1758 summum
1050 1707 1169 1778 poetam

74 1797 177 1840 omnes
191 1793 302 1842 mentes
316 1781 529 1866 derigebantur.
544 1785 601 1847 Sed
614 1783 698 1848 nobis
713 1784 876 1847 cauendum
889 1799 934 1848 est
948 1804 984 1846 ne
997 1783 1026 1846 in
1040 1800 1169 1847 errorem

74 1867 155 1929 illurn
170 1865 337 1932 decidamus
351 1891 439 1955 quem
452 1871 582 1956 plerique
596 1873 688 1934 critici
707 1892 767 1936 nou
779 1871 945 1955 effugerint,
965 1886 994 1935 et
1013 1886 1047 1937 ut
1063 1872 1168 1935 doctus

73 1960 118 2018 uir
130 1953 239 2038 Soupd,
254 1957 361 2021 Valerii
374 1979 480 2042 poema
493 1960 530 2023 ad
543 1960 660 2024 diuinae
673 1960 805 2024 Aeneidos
821 1961 978 2046 imaginem
996 1981 1059 2024 esse
1079 1959 1168 2023 resec·
1229 1991 1234 1998 ·

74 2059 138 2108 tum
155 2063 189 2107 ac
211 2045 377 2110 «disiecti»
399 2049 474 2112 uatis
497 2049 626 2113 membra
649 2050 686 2113 de
705 2051 820 2134 integro
843 2071 921 2114 noua
936 2051 1032 2134 specie
1045 2049 1168 2113 collecta
1195 2123 1199 2128 Ι
1262 2069 1265 2076 ’

74 2133 217 2196 affirmare
232 2133 410 2200 uideamur.
427 2138 556 2200 Primum
570 2157 658 2200 nemo
673 2159 734 2201 nou
756 2137 891 2202 fatebitur
908 2139 1037 2215 Valerio,
1055 2136 1167 2201 etiamsi

76 2225 230 2296 uoluisset,
250 2225 372 2288 arduum
391 2225 480 2288 luisse
496 2239 542 2288 tot
560 2239 589 2288 et
609 2239 702 2288 tantas
722 2247 766 2288 res
785 2247 820 2289 ex
840 2226 941 2291 inclito
961 2226 1011 2290 illo
1029 2240 1118 2310 poeta
1138 2226 1168 2287 iu

74 2331 149 2394 opus
169 2337 254 2394 suum
271 2313 436 2391 transferre,
454 2315 529 2377 adeo
547 2315 622 2377 inter
635 2334 667 2376 se
691 2315 854 2398 discrepant
875 2315 1006 2378 Aeneidos
1024 2328 1054 2377 et
1075 2315 1169 2396 Argo·

74 2402 243 2467 sentimum
262 2415 442 2486 argumenta.
462 2402 607 2486 Vergilius
623 2403 700 2465 eninr
719 2405 749 2467 in
769 2423 829 2466 uno
848 2405 975 2466 carmine
993 2422 1054 2465 non
1071 2400 1170 2465 solum

72 2491 221 2575 antiquam
240 2491 341 2578 populi
361 2491 483 2555 Romani
503 2489 626 2574 gloriam
646 2505 676 2553 et
695 2493 812 2574 egregia
829 2505 963 2556 ueterum
981 2492 1089 2555 ducum
1101 2489 1181 2554 laci-r
1208 2555 1212 2564 ,

73 2598 145 2642 nora
165 2581 368 2659 celebrauerat,
389 2581 440 2642 sed
458 2581 547 2642 etiam
564 2580 594 2642 in
611 2579 807 2644 describendis
824 2580 1012 2644 remotissimi
1031 2579 1170 2664 temporis

74 2669 202 2736 moribus
221 2669 356 2734 subtilem
378 2667 558 2750 diligentiam
580 2669 686 2732 Latino
711 2669 830 2752 ingenio
856 2684 923 2752 apte
944 2669 1170 2733 conuenientem

73 2755 260 2838 exhibuerat3
274 2759 304 2822 in
318 2758 401 2821 cuius
414 2771 552 2842 poemate
565 2757 663 2820 lucent
676 2758 785 2842 patriae
800 2777 884 2822 amor
899 2773 927 2821 et
942 2757 1041 2821 mollis
1055 2754 1171 2840 elegan-
1222 2779 1227 2790 ·

73 2845 114 2909 tia
127 2847 268 2913 crusseio
281 2866 357 2934 quae
366 2845 458 2910 dulcis
468 2845 608 2930 cuiusque
617 2845 744 2911 uiuentis
755 2847 971 2926 misericordia;
986 2848 1059 2912 haec
1072 2861 1170 2910 aurem

74 2937 173 2999 omnia
187 2951 216 3000 et
229 2956 298 3001 uere
311 2935 447 3020 peculiari
462 2949 534 3024 nota
547 2955 611 2998 esse
625 2936 775 3020 impressa,
791 2951 821 3001 et
838 2938 874 3000 ad
887 2937 1080 3002 recentiorem
1092 2948 1170 2998 aeta·

74 3038 135 3086 tem
155 3025 290 3090 uidentur
306 3025 426 3108 propius
447 3024 609 3108 pertineret
630 3037 662 3087 ut
681 3025 827 3110 Vergilius
849 3027 886 3089 ad
904 3025 1039 3111 aequales
1052 3039 1171 3088 nostros

74 3115 287 3177 necessitudine
304 3115 428 3197 quadam
445 3113 597 3175 admoueri
617 3113 720 3196 possit.
741 3117 780 3176 At
793 3114 924 3177 Valerius
946 3115 995 3198 qui
1015 3133 1033 3176 a
1055 3113 1169 3176 Graeco

74 3201 215 3283 scriptore
229 3203 362 3266 carminis
377 3202 421 3263 sui
435 3202 586 3263 materiam
601 3215 629 3262 et
642 3217 848 3286 argumentum
862 3217 1011 3266 mutuatus
1019 3215 1064 3264 est
1074 3219 1169 3284 neque

74 3303 172 3351 tamen
191 3290 310 3373 ingenio
330 3309 386 3352 suo
407 3290 528 3351 eandem
549 3289 771 3372 pulchritudinis
792 3293 918 3374 speciem
940 3289 1086 3374 concepit,
1106 3307 1168 3352 non

75 3377 174 3440 debuit
186 3379 346 3462 Vergilium
360 3377 485 3461 spoliare
498 3397 594 3462 neque
607 3377 643 3440 ad
658 3377 779 3441 uerbum
794 3381 910 3444 imitari.

114 3467 156 3530 Rc
167 3487 234 3529 uera
248 3467 399 3550 plurimae
412 3465 542 3546 Vergilio
556 3466 593 3527 ad
607 3465 692 3529 us'um
707 3485 794 3530 suum
808 3469 931 3531 detorsit
943 3483 972 3530 et
981 3485 1096 3550 semper
1105 3467 1167 3529 eius
1202 3531 1203 3534 ,

74 3553 232 3637 imaginem
245 3569 312 3617 ante
325 3553 430 3617 oculos
443 3550 557 3628 habuit,
571 3553 611 3616 ita
624 3566 657 3614 ut
670 3553 833 3618 aemulator
846 3555 944 3642 potius
964 3573 1052 3639 quam
1072 3554 1167 3617 inrita·

74 3656 122 3704 tor
135 3642 295 3706 exsisteret.
310 3643 411 3719 Quare
430 3641 619 3705 doctissimus
639 3641 685 3704 uir
701 3639 797 3705 Greiff
811 3643 933 3726 pronior
947 3645 982 3707 ad
998 3643 1056 3708 boc
1069 3641 1123 3706 fuit
1136 3655 1170 3706 ut

103 3840 120 3871 r.
132 3827 224 3871 Horum
238 3825 395 3879 111α,111;ι61
411 3840 455 3883 sqq.
465 3846 493 3859 -
501 3824 596 3868 varran
635 3824 705 3867 ·blrur
715 3825 746 3868 De
758 3813 842 3870 Valeria
851 3825 926 3870 Flam
939 3828 1044 3870 initam
1056 3827 1169 3872 rmum

74 3881 146 3936 dress
156 3909 164 3931 ‚
174 3881 211 3933 Vl,
223 3882 267 3935 5³⁸.
275 3881 405 3924 -rteurn
415 3892 488 3930 rem,
498 3879 538 3930 111,
547 3878 595 3928 τό.
648 3877 749 3930 betelini,
760 3881 818 3935 tdpj.
828 3881 854 3924 li.
864 3880 972 3924 llelorlelr.

101 3962 120 3994 a.
131 3949 192 4003 ilias,
206 3950 254 4002 xv,
271 3952 303 3995 rt.
312 3971 341 3984 -
353 3950 447 3993 varran
462 3947 552 4004 Argea,
566 3947 595 3998 11,
674 3956 693 3999 ς.
704 3943 801 4002 odyssea,
811 3945 828 3999 1,
838 3956 870 4002 η,
878 3968 906 3980 -
914 3947 988 4003 Aspen
998 3945 1075 3998 ,v111,
1082 3956 1128 3998 ⁴5¹·

281 4007 285 4020 '
672 4016 692 4060 a.
704 4015 722 4058 r
735 4015 811 4058 aaa...
822 4029 912 4068 ama,
921 4015 959 4068 tv,
968 4026 1014 4070 ιη.
1024 4037 1051 4050 -
1060 4015 1114 4062 vra
1128 4013 1168 4056 a„
1186 4059 1188 4084 ,

74 4005 121 4129 ui.
130 4071 191 4126 didas,
200 4074 240 4127 vl,
248 4073 388 4128 aru-Vas.
398 4072 487 4128 Argea,
497 4071 536 4123 111,
547 4082 592 4126 ιιι.
644 4079 704 4124 eea,
722 4071 807 4123 ,aa-tt.

74 4144 360 4247 assessu
375 4141 439 4239 ιε
452 4142 592 4252 τετε
644 4127 930 4239 ι·,τ.·ει·’·’··””τ”α
944 4139 1017 4187 ¹⁴³*
1032 4136 1183 4195 'ur-⁴¹⁸·
