2970 4802
733 266 971 334 -1‚4-

346 395 436 460 Pallas
454 409 555 460 antem
574 396 699 460 multum
719 395 887 481 prudentiae
908 410 938 460 et
956 398 1137 461 constantiae
1155 409 1303 480 praestat:
1323 415 1397 482 quae

307 499 373 550 sunt
386 483 462 548 illim
474 487 554 548 Deae
566 504 634 548 uere
648 485 781 569 propriae
794 485 917 548 uirtutes
925 508 934 561 ;
943 504 1039 569 neque
1048 504 1120 549 uero
1130 485 1235 548 desunt
1248 485 1275 548 ei
1284 485 1397 548 dicendi

305 572 424 635 artificia
441 585 471 634 et
488 573 632 636 sermonis
649 572 748 635 decor.
764 572 893 634 Primum
910 592 971 635 non
990 585 1021 636 ut
1040 574 1112 636 luno
1133 591 1247 635 summa
1264 571 1398 635 beneficii

304 659 395 742 gratia
408 659 537 734 Graecis,
552 659 602 721 sed
616 659 739 722 naturali
752 660 862 735 studio,
883 679 915 722 se
932 659 1049 722 uidetur
1063 660 1216 723 addixisse.
1232 661 1297 722 lure
1308 659 1398 742 igitur

294 749 433 810 Deomm
447 746 564 829 reginae
579 747 743 809 renuntiare
755 760 873 830 potest:

625 920 701 938 .....
707 877 784 934 liceat
799 877 886 935 Graiis
904 889 933 934 ut
947 877 1055 934 reddere
1071 877 1148 934 terris
1223 915 1226 922 ·

478 948 625 1005 Aesonium
634 964 670 1013 ,ca
706 959 718 1004 t
730 958 757 1004 et
769 947 879 1021 puppim
893 965 973 1022 quam
987 949 1130 1006 struximus
1143 951 1215 1021 ipsae

475 1021 602 1076 lactatam
615 1031 641 1074 ta
677 1035 721 1074 em
735 1031 827 1074 nostro
840 1033 1003 1092 componere
1016 1017 1118 1076 caelo¹.

302 1151 365 1212 Pari
378 1150 466 1232 igitur
477 1148 679 1213 beneuolentia
692 1169 760 1211 cunr
774 1151 884 1212 lunone
899 1163 1002 1226 certat,
1017 1149 1172 1234 nequeuili
1182 1169 1289 1232 operae
1304 1149 1395 1232 parcit

302 1252 334 1301 ut
358 1238 494 1301 auxilium
517 1239 636 1302 Graecis
659 1250 689 1301 et
708 1238 833 1300 salutem
854 1238 1009 1316 ministret,
1033 1240 1095 1303 siue
1117 1241 1230 1323 Argum
1250 1239 1281 1302 iu
1302 1238 1395 1301 Pelias

301 1326 387 1390 siluas
405 1327 497 1403 ducit,
518 1328 581 1390 siue
600 1325 829 1410 symplegadum
847 1347 934 1390 manu
956 1348 1010 1390 sua
1029 1329 1135 1391 retinet
1154 1329 1310 1411 impetum,
1331 1328 1395 1390 siue

280 1437 281 1440 ¹
300 1415 439 1478 barbaros
451 1418 560 1478 Aeetae
574 1415 675 1478 hostes
690 1416 791 1498 aegide
804 1435 941 1479 succussa
955 1417 985 1479 in
997 1416 1097 1500 fugam
1111 1417 1216 1480 uertit’
1229 1440 1238 1495 ;
1252 1431 1316 1479 turn
1325 1437 1394 1480 sane

301 1517 389 1588 poeta
409 1506 596 1569 Homericam
617 1503 696 1567 illam
715 1506 807 1567 Deam
826 1505 959 1568 meminit
980 1525 1054 1590 quae
1075 1507 1105 1568 in
1124 1504 1259 1568 Troianis
1283 1507 1394 1587 campis

298 1592 429 1657 lanceam
442 1607 471 1656 et
485 1609 602 1657 scutum
617 1592 743 1674 agitabat
757 1593 829 1655 etin
846 1593 939 1676 prima
953 1597 1015 1657 acie
1034 1607 1117 1658 totos
1133 1595 1260 1657 militum
1276 1594 1394 1657 ordines

297 1679 463 1766 impellebat
475 1695 659 1766 mortemque
672 1681 793 1745 Hectori
812 1681 939 1764 parabat.
955 1684 994 1745 At
1012 1682 1184 1767 plerumque
1203 1681 1394 1765 prudentibus

296 1769 425 1835 consiliis
438 1770 580 1835 innititur.
595 1772 746 1846 Quantam
760 1770 837 1832 enim
851 1769 939 1833 animi
953 1773 1148 1835 constantiam
1158 1771 1287 1849 exhibet,
1303 1777 1401 1855 quan:⁴

296 1869 360 1922 tum
383 1863 480 1923 omnis
501 1852 670 1935 uiolentiae,
694 1858 742 1921 cui
763 1857 849 1943 plane
869 1860 945 1922 ratio
966 1861 1054 1936 desit,
1071 1860 1230 1936 fastidium,
1250 1874 1392 1944 quantum

297 1947 423 2011 iustitiae
443 1962 473 2011 et
493 1947 679 2011 humanitatis
702 1967 834 2009 amorem
852 1947 883 2010 in
902 1948 951 2010 illa
973 1949 1108 2013 oratione
1130 1969 1189 2034 qua
1207 1963 1275 2013 ante
1295 1949 1392 2033 ipsum
1454 2013 1455 2018 ,

288 2039 399 2119 ,leuem
412 2035 533 2100 furentis
547 2037 646 2099 Martis
659 2034 765 2120 probra
777 2035 890 2118 repellit
903 2049 933 2099 et
946 2038 1056 2102 lasonis
1070 2057 1188 2101 causam
1202 2036 1342 2104 defendit.

433 2169 496 2225 Non
509 2168 558 2224 tibl
575 2169 737 2236 binomine,
771 2171 848 2225 uibus
863 2167 928 2226 haec
941 2169 998 2226 iera
1012 2188 1148 2226 murmura
1162 2171 1252 2238 iactes,

433 2239 495 2295 Non
509 2239 646 2312 Lapithae,
659 2240 704 2295 sed
805 2280 814 2307 ,
835 2243 872 2294 ait
880 2257 889 2307 3
899 2256 985 2314 neque
1000 2256 1052 2313 ego
1067 2242 1161 2314 aegide
1170 2243 1262 2316 digna,

434 2310 491 2366 Nec
500 2325 581 2365 uocer
596 2309 706 2366 ulterius
718 2309 806 2383 proles
817 2312 900 2378 iouis,
914 2310 1017 2368 excidat
1031 2315 1079 2368 iste
1110 2333 1112 2338 ’

433 2380 469 2436 Nl
481 2379 531 2436 tibi
543 2379 624 2436 corde
637 2387 741 2436 tumori
744 2421 796 2439 .....

296 2514 333 2575 Et
345 2515 417 2576 mira
429 2526 491 2576 arte
506 2511 642 2575 cumillis
655 2511 786 2576 sensibus
800 2515 879 2576 Deae
891 2511 1028 2597 congruit
1040 2512 1148 2575 oratio.

334 2600 365 2663 si
385 2600 464 2663 hunc
484 2601 513 2662 in
534 2600 730 2663 describendis
750 2602 881 2685 personis
904 2601 1041 2664 decorem
1063 2600 1230 2684 intellegere
1253 2600 1338 2664 nobis
1359 2601 1390 2663 in

295 2688 393 2751 animo
406 2702 463 2763 cst,
478 2689 547 2751 satis
560 2688 701 2751 habemus
714 2690 858 2752 Venerem
871 2702 900 2752 et
917 2691 1041 2752 Martem
1061 2689 1136 2750 inter
1149 2707 1180 2750 se
1198 2708 1389 2773 componere.

294 2773 437 2839 illecebris
450 2777 529 2839 enim
541 2789 571 2839 et
584 2775 683 2859 lepore
697 2777 795 2860 plena,
803 2775 1018 2860 pulchritudine
1032 2776 1186 2859 splendens
1195 2776 1302 2839 incedit
1310 2779 1389 2855 Dea;

295 2863 443 2926 amoribus
463 2877 493 2927 et
512 2864 624 2926 insidiis
646 2877 675 2926 et
697 2864 746 2926 illa
767 2883 819 2925 sua
842 2863 1001 2927 dulcedinis
1024 2864 1121 2946 specie
1144 2863 1310 2948 dolosoque
1329 2866 1389 2927 risu

286 2951 423 3034 ¹gaudet;
437 2965 467 3014 at
485 2950 546 3014 uim
565 2952 713 3034 ingentem
733 2964 762 3014 et
780 2950 927 3014 uiolentos
945 2950 1131 3035 perfidosque
1149 2948 1271 3014 affectus
1288 2971 1389 3015 secum

295 3054 402 3117 uersat,
421 3059 497 3124 quos
518 3039 652 3103 simulata
675 3037 797 3104 mollitia
820 3052 851 3102 et
868 3039 950 3102 uanis
970 3039 1123 3104 lenociniis
1142 3040 1266 3123 obtegit.
1288 3041 1388 3117 Quam

294 3129 412 3212 egregie
432 3140 519 3214 poeta
536 3128 725 3192 uehementes
744 3129 811 3192 illos
827 3128 956 3213 impetus
975 3127 1119 3192 blanditiis
1140 3142 1321 3213 temperatos
1338 3129 1388 3194 de·

294 3219 407 3302 pinsiti
426 3219 513 3295 Quae
531 3217 629 3282 omnia
646 3219 745 3282 Venus
765 3219 868 3301 aperit,
891 3235 959 3280 cum
979 3218 1116 3282 Medeam
1135 3216 1172 3281 ad
1192 3237 1277 3281 suam
1296 3217 1388 3304 ipsius

294 3307 450 3390 perniciem
466 3305 588 3390 impellit
605 3303 770 3370 adulatione
786 3305 915 3370 uicissim
933 3318 967 3385 et
981 3305 1112 3370 dulcibus
1131 3305 1306 3391 furiosisque
1325 3327 1387 3371 am·

293 3392 425 3480 plexibus
436 3406 515 3460 usa⁴.
532 3393 648 3458 Nemini
660 3408 758 3458 autem
772 3393 892 3459 dubium
909 3407 953 3458 est
972 3393 1042 3481 quin
1055 3393 1191 3458 Valerius
1209 3414 1278 3458 curn
1291 3419 1307 3454 e
1322 3416 1387 3481 per-

286 3485 418 3547 mixtum
431 3483 513 3547 illum
527 3483 603 3546 odiis
616 3494 762 3548 amoremi
780 3508 796 3562 a
810 3483 997 3567 exprimeret,
1011 3483 1223 3547 recentioribus
1237 3484 1388 3568 scriptori·

319 3703 339 3738 t.
347 3692 401 3736 Vae.
411 3691 501 3749 Argea..
509 3690 537 3743 V,
548 3702 595 3747 m.

317 3774 338 3806 ι.
347 3763 373 3807 ¹·
381 3792 389 3816 .
397 3763 437 3814 aa
447 3765 541 3822 saar·

317 3844 337 3888 i·
347 3833 389 3887 ¹⁸*
397 3833 426 3885 V·
436 3835 475 3888 ‘⁴9
485 3846 530 3891 iii·

282 3939 287 3946 .
315 3913 336 3955 ⁴·
346 3903 379 3948 ln.
387 3903 437 3955 vll,
447 3913 486 3948 aaa
495 3917 541 3961 sqq.

288 3969 387 4080 ὦ»,
395 3971 445 4024 vlt.
454 3982 548 4027 iit-¹55·
561 3993 589 4006 ·-
604 3972 638 4016 ei.
650 3983 696 4027 aar,
705 3969 810 4070 w
821 3974 864 4017 ain
875 3973 932 4016 iilam
943 3975 1031 4017 nimium
1039 3972 1128 4040 insusse
1134 3973 1210 4030 plauit.
1220 3973 1261 4017 iile
1269 3973 1384 4018 devenere

365 4029 419 4100 pape
427 4025 455 4067 ad
462 4025 586 4069 denda·
595 4027 699 4082 uirginem
799 4029 870 4069 asinae
879 4027 942 4079 redit,
952 4037 1064 4084 mquam
1074 4039 1145 4084 primo
1155 4025 1238 4084 repulsa
1247 4037 1287 4070 ast.

379 4115 382 4121 ·
530 4085 1057 4198 lanternam-annno:
1066 4089 1139 4132 ....

213 4254 216 4260 ,
315 4191 624 4256 'lies-movilium·
