2970 4802
766 739 847 826 VII

577 1058 626 1126 Ile
648 1057 948 1143 comparationum
968 1077 1047 1124 uem
1166 1093 1168 1100 ·

294 1353 368 1417 'Una
386 1354 539 1438 praecipue
559 1365 604 1416 est
621 1373 668 1416 res
688 1372 745 1436 qua
764 1371 826 1416 non
845 1351 943 1416 solutu
962 1351 1070 1415 Valerii
1086 1353 1236 1438 ingenium
1255 1355 1375 1436 aperte'

261 1441 530 1594 utilitum?
539 1441 1354 1615 .;⁰;,t.ttlt.²“.lf‘t.l.²lttrlrlul⁰,lt

260 1622 356 1684 uariae
372 1620 547 1703 scriptomm
566 1619 689 1682 uirtutes
707 1632 738 1682 et
755 1619 826 1682 uitia
845 1618 950 1682 clarius
971 1619 1189 1702 conspiciantur
1207 1639 1295 1704 quam
1308 1641 1355 1684 ars

258 1709 307 1772 illa
319 1729 364 1772 res
377 1721 479 1772 natura
497 1708 624 1771 diuersas
644 1709 720 1771 iuter
741 1727 773 1771 se
791 1705 970 1771 conferendi.
993 1708 1086 1784 Quod
1100 1710 1136 1773 de
1150 1709 1355 1772 uetustissimis
1409 1757 1417 1787 ,

258 1800 354 1881 poetis
367 1819 437 1861 sane
449 1799 546 1860 uerius
559 1811 621 1874 est,
636 1797 744 1861 etenim
756 1795 811 1872 illi,
826 1799 893 1880 quia
911 1796 990 1882 qnod
1003 1797 1155 1860 narrabant
1168 1797 1312 1862 illustrare
1325 1811 1362 1872 et

258 1889 295 1951 ad
308 1907 410 1952 omnes
424 1901 537 1950 mentes
548 1885 772 1950 accommodare
786 1904 981 1970 magnamque
995 1885 1108 1950 dicendi
1117 1887 1354 1970 perspicuitatem

258 1976 411 2060 (ἔιιῑργιιιι)
432 1975 550 2059 adsequi
571 1974 760 2050 conabantur,
781 1974 896 2037 illarum
914 1973 1072 2058 figurarum
1092 1977 1242 2038 materiam
1260 1974 1297 2038 de
1309 1995 1355 2038 re-

258 2065 314 2128 bus
327 2062 532 2128 communibus
544 2075 579 2125 'et
597 2083 670 2147 quas
687 2060 761 2125 bene
779 2076 924 2126 nouerant
936 2064 1107 2148 depromere
1120 2062 1280 2127 solebant¹.
1296 2064 1353 2127 Sed

262 2151 339 2216 aliud
353 2170 471 2238 quoque
484 2151 559 2235 apud
573 2169 624 2214 eos
639 2165 701 2213 erat
714 2150 888 2229 consilium
903 2153 1008 2237 cuique
1020 2153 1108 2215 etiam
1117 2150 1248 2235 placebat
1257 2172 1354 2214 narra-

257 2242 370 2304 tionem
397 2240 506 2301 uariare
532 2251 562 2300 et
588 2239 681 2301 totius
707 2241 804 2322 operis
830 2239 924 2302 textui
950 2255 1120 2304 ornamenta
1142 2259 1216 2324 quae
1237 2240 1353 2303 aliunde

260 2329 383 2392 deducta
409 2329 568 2391 eminerent
594 2327 795 2410 superaddere.
825 2325 866 2390 lbi
895 2342 993 2391 autern
1017 2326 1132 2390 liberius
1155 2329 1274 2414 ingenio
1296 2349 1352 2391 suo

259 2418 457 2499 indulgebant,
477 2415 552 2478 hanc
572 2434 704 2477 summae
724 2415 944 2497 pulchritudinis
964 2419 1093 2499 speciem
1106 2435 1195 2500 quam
1209 2435 1308 2479 secum
1323 2418 1353 2478 in

259 2506 358 2566 animo
382 2503 537 2574 habebant,
561 2514 591 2563 et
613 2501 669 2564 hos
690 2521 803 2577 sensus,
827 2503 890 2564 siue
913 2521 1027 2584 graves,
1048 2504 1112 2565 siue
1131 2504 1227 2580 mites,
1248 2503 1353 2586 quibus

258 2605 360 2654 natura
374 2589 539 2664 utebantur,
555 2602 654 2673 atque,
669 2603 702 2652 ut
713 2591 754 2652 ita
767 2589 874 2667 dicam,
889 2590 1022 2652 intimam
1035 2591 1080 2654 sui
1095 2593 1207 2673 partem
1224 2589 1353 2674 aliquan·
1439 2641 1445 2654 .

257 2680 349 2762 tisper
361 2678 589 2760 praetendentes.

205 2775 209 2784 '
297 2769 377 2828 llaec
401 2767 516 2848 pariter,
546 2782 724 2848 quamquam
755 2763 905 2848 aliquanto
937 2765 1045 2840 minus,
1074 2765 1150 2846 apud
1174 2764 1352 2828 recentiores

259 2853 412 2916 obseruare
429 2851 507 2914 licet.
528 2853 571 2913 lta
587 2850 621 2913 stt
638 2865 671 2913 ut
688 2851 747 2913 illic
765 2869 885 2935 quoque
897 2851 1029 2913 Valerius
1047 2863 1076 2912 et
1090 2851 1264 2934 Apollonius
1278 2853 1353 2919 inter

256 2961 288 3004 se
308 2940 433 3002 multum
453 2938 605 3000 uideantur
624 2939 796 3021 discrepare.
817 2941 893 3002 Nam
914 2938 961 3001 hic
987 2939 1158 3021 plemmque
1179 2939 1210 3000 in
1233 2938 1349 3022 excogi-

257 3028 348 3090 tando
361 3045 396 3089 ac
408 3027 531 3088 dicendo
545 3026 682 3088 subtilem
702 3024 876 3109 elegantiam
896 3039 926 3088 et
946 3027 1097 3088 ueritatem
1109 3025 1276 3101 adsecutus,
1292 3027 1353 3109 ple-

257 3134 361 3200 rasque
372 3115 514 3196 imagines
534 3132 570 3175 ex
590 3113 751 3196 agrestibus
771 3113 918 3176 laboribus
938 3127 968 3176 et
987 3115 1066 3176 uaria
1084 3115 1158 3176 ruris
1175 3113 1351 3176 amoenitate

258 3203 437 3284 desumpsit:
459 3201 565 3284 ubique
584 3202 656 3264 nitet
676 3203 812 3284 egregius
833 3202 933 3283 lepos,
954 3200 996 3263 sic
1018 3221 1085 3264 curn
1102 3200 1205 3283 apibus
1224 3202 1252 3263 in
1266 3214 1350 3282 prato
1377 3251 1383 3260 .

204 3367 207 3372 Ι
258 3289 445 3353 uolitantibus
469 3287 658 3351 conferuntur
680 3288 817 3351 lemniae
839 3287 876 3350 ad
892 3291 1076 3370 Argonautas
1094 3287 1299 3365 festinantes23
1319 3303 1352 3352 ut

258 3377 408 3442 columbas
421 3376 569 3461 accipiter,
584 3377 626 3439 ita
638 3376 780 3440 Dolionas
792 3379 980 3461 Argonautae
993 3376 1129 3460 ingentu
1144 3376 1237 3461 qualis
1250 3390 1351 3439 taurus

204 3463 210 3473 “
257 3465 294 3530 ab
311 3482 411 3530 oestro
430 3464 571 3538 offensus,
593 3465 746 3541 Hercules,
765 3464 859 3548 Hylan
878 3485 988 3528 uocaus
1006 3479 1036 3528 et
1056 3483 1189 3529 maerore
1210 3465 1349 3548 perditus,

241 3627 244 3633 ¹
257 3562 347 3618 saeuo
361 3554 459 3618 lurore
473 3565 631 3617 uersaturt.
647 3553 757 3616 Eadem
770 3551 830 3616 iere
842 3555 967 3628 ratione,
982 3572 1051 3617 cum
1063 3554 1139 3616 lame
1154 3572 1246 3639 prope
1259 3551 1350 3617 conli-

256 3644 372 3708 eiuntnr
383 3643 581 3728 Argonautae,
595 3641 632 3704 ad
646 3641 775 3726 Syrtium
788 3641 857 3705 litus
870 3641 996 3706 aduerso
1008 3655 1100 3730 uento
1118 3641 1216 3719 eiecti,
1229 3641 1350 3707 Medeae
1359 3661 1373 3689 ·

312 3851 653 3956 ριιιιιιιιιιιιιιιιιιιιιιι
654 3849 1133 3895 mamea-antummum
1142 3839 1352 3908 ιιιιιιιιιιιιιρι·

255 3863 371 4003 dau
362 3903 1037 4016 ...murmurosa-“u
1013 3905 1158 3949 .......
1171 3903 1268 3950 tu·
1281 3917 1350 3965 ...

283 4025 438 4074 ιιΑιοιιιλ
426 4041 495 4088 ιρι,
505 4029 523 4081 l,
532 4029 580 4084 m.

285 4100 346 4154 s··¹·
348 4099 454 4156 datus

283 4167 455 4224 ι-Ιιιῑιιιιι.
