2996 4792
554 277 752 343 ..,-

110 408 176 468 Hoc
196 421 306 480 autem,
324 408 349 470 si
371 404 409 468 ad
431 405 523 488 ipsam
546 424 643 468 rernm
666 406 860 465 narrationem
883 402 1071 478 attendimus,
1095 403 1199 468 clarius
1256 471 1258 476 ,

108 493 264 557 uidebitur.
288 495 336 557 Sic
356 493 404 557 illa
426 495 521 557 oratio
538 513 597 578 qua
615 492 741 555 Phineus
764 507 847 553 uates
872 492 1065 574 Harpyiarum
1088 493 1198 575 impetu

108 580 244 644 liberatus
266 581 363 645 sutura
386 583 480 646 Iasoni
503 581 641 666 praedicit
662 592 691 643 et
710 579 863 663 uiamque
884 580 922 642 sit
943 597 1150 662 progressurus
1170 595 1200 644 et

108 669 239 754 singulos
254 670 374 734 litorum
386 669 540 754 adspectus
553 669 701 753 exprimit,
720 667 871 732 latinnbus
889 687 907 730 a
924 667 1052 745 Graeco,
1073 669 1201 733 strictio-

108 758 187 821 ribus
200 777 217 820 ι
230 763 365 822 Romano
383 759 613 823 cicumscribitur
631 757 760 820 terminia
771 767 792 818 ¹.
812 755 946 818 Variatur
964 776 1084 840 quoque
1104 776 1200 822 rerunt

109 845 194 908 color
206 860 237 910 et
249 848 369 930 species.
386 847 517 911 Valerius
531 848 610 910 enim
622 844 768 908 laudando
783 845 878 907 lasoni
892 843 988 927 plures
1002 864 1104 908 uersus
1117 845 1200 909 adhi-
1307 857 1325 898 -'
1344 907 1350 917 ,

109 934 169 1012 bet,
185 954 253 998 cum
267 955 366 1000 senem
379 934 463 1022 fingit
475 935 621 1018 praeclara
634 933 690 996 illa·
703 933 859 996 certamina
879 932 1073 1010 nuntiantem,
1095 933 1199 1020 quibus

108 1023 207 1100 heros,
223 1024 344 1088 Colchis
357 1045 446 1108 opem
459 1023 565 1101 ferens,
574 1024 683 1086 Aeetae
692 1019 810 1084 fratrem
819 1022 856 1083 sit
866 1019 1071 1086 debellaturus.
1082 1021 1140 1086 Sed
1148 1023 1198 1086 ubi
1299 1089 1304 1096 ,
1342 1001 1346 1009 Δ

107 1111 299 1193 Apollonium
321 1112 461 1183 imitatur,
484 1124 549 1174 tum
572 1112 660 1173 etiam
683 1109 719 1171 ab
742 1129 780 1171 eo
803 1109 933 1171 multum
954 1108 1098 1188 discedit;
1121 1109 1199 1193 apud
1322 1181 1332 1191 ⁶

108 1199 190 1262 illum
203 1202 281 1263 enim
295 1199 420 1264 Phineus
435 1200 629 1284 plurimorum
642 1198 777 1261 locorum
790 1198 910 1260 nomina
924 1198 1010 1261 tradit
1023 1211 1052 1260 et
1066 1200 1103 1261 de
1116 1199 1200 1262 naui-

107 1289 226 1371 gatione
239 1288 361 1371 plurima
374 1287 582 1372 praescribens,
597 1289 782 1368 Argonautas
801 1285 952 1369 diligenter
961 1299 1062 1350 monet
1071 1307 1128 1370 qua
1137 1300 1199 1350 arte

107 1395 124 1438 e
147 1375 306 1438 Planctaeis
328 1377 450 1438 euadere
472 1376 606 1459 possint;
630 1393 719 1456 quem
742 1373 840 1436 subito
869 1374 951 1434 nauis
973 1372 1197 1456 gubernatorem

107 1462 234 1524 euasisse
257 1463 350 1539 dicas,
373 1482 442 1526 cum
468 1461 571 1524 suadet
591 1461 687 1523 lasoni
714 1473 748 1522 nt
770 1459 937 1542 Bithynium
958 1458 1027 1522 litus
1048 1480 1140 1544 usque
1162 1459 1199 1524 ad

108 1548 216 1611 flumen
230 1550 348 1613 Rheban
371 1564 400 1611 et
417 1550 513 1611 Melan
532 1549 768 1629 promuntorium
786 1545 918 1627 effugiat,
936 1546 1060 1628 denique
1081 1561 1200 1610 cunctas

105 1648 209 1715 gentes
223 1649 372 1720 terrasque
386 1636 421 1696 ad
435 1654 524 1697 unam
541 1635 684 1696 nominat.
701 1634 782 1708 Quid
801 1651 963 1694 memorem
981 1633 1116 1714 Thynian
1134 1651 1202 1714 por·

107 1734 171 1782 tum
186 1735 215 1784 et
229 1723 484 1806 Mariandynorum
496 1719 566 1784 litus
581 1739 648 1784 eum
662 1718 822 1783 Acherusia
836 1718 1041 1802 promuntorio
1061 1733 1091 1781 et
1107 1719 1201 1782 Ache·
1323 1781 1326 1791 ,

107 1825 192 1874 ronte
205 1809 297 1875 fluuio
312 1814 362 1896 qui
376 1811 488 1876 eximo
502 1809 633 1873 anfractu
647 1808 785 1884 exundat,
800 1807 1001 1893 Paphlagonas
1014 1823 1045 1872 et
1056 1809 1200 1872 Thermo-

107 1898 204 1961 dontis
218 1919 318 1983 aquas,
334 1900 440 1984 Halym
454 1913 484 1963 et
497 1900 564 1962 lrim
573 1899 705 1970 flumina,
717 1897 867 1960 Carambis
875 1897 1125 1980 Themiscyriique
1133 1917 1201 1962 sco·

107 1986 214 2070 pulos?
228 1989 302 2050 Sunt
316 1988 418 2051 deinde
433 1987 568 2051 Tibareni
582 1999 613 2048 et
625 1987 767 2068 Mossyni,
783 1985 885 2048 Martis
898 1983 1003 2061 insula,
1014 1985 1199 2069 Philyromm

55 2100 63 2156 3
107 2089 136 2137 ct
153 2077 325 2138 Macronum
343 2090 372 2138 et
390 2076 576 2154 Bechirarum
596 2087 627 2137 et
642 2075 826 2156 Sapeirarurn
844 2085 875 2134 et
895 2075 1036 2155 Byzernnr
1055 2087 1085 2136 et
1105 2092 1198 2158 usque

106 2162 143 2225 ad
157 2164 273 2226 Phasim
286 2163 395 2226 flumen
409 2163 517 2226 multae
530 2162 603 2224 aliae
617 2176 719 2242 gentes
728 2171 748 2222 ².
767 2161 897 2224 Graecus
915 2160 1004 2244 igitur
1013 2175 1109 2244 ¹poeta
1126 2160 1197 2224 nihil
1272 2199 1278 2210 ·

107 2251 227 2326 omittit,
244 2250 323 2313 uaria
337 2269 471 2334 quaeque
483 2249 549 2313 loca
565 2262 698 2311 accurate
711 2247 876 2311 describens
890 2262 921 2311 et
939 2247 979 2310 ita
998 2246 1151 2330 designans
1164 2262 1197 2312 ut
1280 2327 1282 2336 Ι

106 2335 189 2402 facile
201 2351 396 2419 agnoscantur
409 2352 438 2402 et
456 2338 484 2400 id
503 2337 583 2420 quod
601 2357 671 2400 uere
690 2336 833 2418 peculiare
857 2355 890 2399 ac
911 2335 1056 2418 singulare
1074 2336 1199 2399 habeant
1235 2331 1244 2378 f

107 2427 250 2503 emineat;
264 2427 305 2488 sic
320 2425 472 2508 Bithyniae
486 2423 624 2508 scopulos
639 2422 740 2485 dextra
758 2425 960 2506 nauigantium
979 2442 1066 2486 manu
1084 2437 1199 2486 erectos

105 2513 149 2590 (ιι.
167 2515 237 2592 347)
251 2527 280 2575 et
292 2527 459 2597 praeruptas
474 2512 548 2574 inter
561 2513 637 2593 ripas
657 2510 853 2593 profluentem
874 2510 1041 2574 Acherunta
1060 2511 1105 2582 (ιι.
1127 2511 1198 2592 355)

105 2613 135 2662 et
156 2599 305 2663 Carambis
324 2600 509 2663 altitudinem
529 2605 572 2672 (u.
592 2601 661 2679 361)
683 2598 808 2677 indicat;
829 2597 963 2682 legentis,
983 2610 1017 2661 nt
1036 2597 1076 2660 ita
1090 2597 1196 2672 diam,

107 2687 200 2749 oculis
221 2688 402 2751 subiciuntur
423 2687 555 2751 turbidus
583 2686 672 2769 Halys
699 2699 728 2748 et
755 2686 894 2749 candidus
916 2684 968 2749 Iris
990 2685 1147 2765 (366-368)
1167 2699 1198 2750 et

105 2773 333 2836 Thermodontis
345 2775 484 2836 stillantes
502 2792 606 2854 aquae,
628 2774 664 2834 ad
682 2773 751 2835 litus
768 2772 872 2835 leniter
892 2771 1099 2835 descendentes
1112 2773 1198 2851 (370-

108 2863 188 2942 372).
198 2862 286 2937 Quae
298 2862 396 2924 omnia
409 2863 564 2945 regionum
578 2861 665 2923 iacies
677 2861 802 2924 reddunt
815 2872 845 2921 et
857 2861 986 2942 integras
999 2872 1127 2934 seruam,
1141 2877 1197 2923 nec

106 2989 314 3014 nnn-h...-

133 3081 152 3114 r.
161 3069 249 3122 nmen,
257 3070 286 3122 ll,
296 3081 389 3125 prr-aro.
399 3091 425 3102 -
433 3069 554 3119 Vannius,
564 3069 603 3118 lv,
614 3068 711 3122 yyy-625.
731 3123 734 3129 Ι

79 3239 81 3245 ,
131 3149 153 3183 ⁸·
163 3138 193 3192 u,
204 3151 240 3194 m
251 3153 297 3197 m·
404 3191 501 3250 euripus«
509 3199 592 3250 srapdov
598 3138 851 3243 dniybiriiidfis'llm.

404 3251 473 3288 sisinn
481 3248 563 3287 Βιθιιὸν
572 3249 603 3287 let
612 3243 665 3290 dulae
674 3253 730 3300 paler
739 3244 809 3298 ἔχοντι(

403 3301 473 3340 :tzur
483 3305 574 3353 myrthae
583 3301 727 3353 requiemnon,
737 3300 808 3340 alss'm
817 3296 863 3341 alsa

406 3350 478 3402 'Pater
488 3355 572 3409 daupe'nt
580 3355 664 3404 sarapbs
674 3355 732 3402 dariis
740 3367 760 3394 rr
770 3353 866 3394 tunm·
958 3359 962 3377 ⁹

401 3407 517 3460 pdpymrr
525 3411 584 3456 sisso
593 3402 687 3456 flwqtdsc
696 3409 752 3460 Upper
760 3408 834 3456 insit.

401 3459 459 3502 radas
469 3456 488 3499 d'
497 3461 520 3500 ed
530 3460 584 3511 phin
592 3461 653 3500 neubi
663 3456 702 3504 dri(
712 3459 757 3505 able
767 3461 887 3514 &euripum

344 3521 346 3526 ’
402 3518 435 3564 ην
444 3508 578 3567 tiquadra·
587 3513 691 3553 tar-nm·
698 3516 827 3559 νοστήσειας.

407 3561 450 3606 duta
458 3569 492 3616 μιν
502 3571 528 3611 tlt
539 3561 611 3606 'Aldus
620 3564 730 3610 sensusne
739 3560 778 3604 tul
787 3563 881 3612 ustauhts,

403 3615 452 3671 ὅπῃ
461 3632 481 3659 te
488 3617 572 3689 «penne
585 3620 708 3673 'Agipsum
719 3615 773 3669 ὑψόθι
782 3620 844 3666 nno,
934 3641 936 3646 ν

402 3668 470 3719 biviras
478 3674 496 3710 s'
516 3671 592 3724 Ayipn
600 3673 659 3720 adens
668 3666 701 3710 dra
709 3669 765 3710 mila
772 3670 842 3720 sium

402 3721 461 3777 &pqr
470 3719 491 3764 is
501 3737 524 3774 (ιι
535 3725 584 3772 ssat
594 3729 676 3777 spsgeac
683 3724 725 3771 ἵησι
734 3727 836 3792 φίμῃιι.

274 3771 313 3826 ςίο
318 3784 363 3828 ης.
402 3773 441 3816 ἔστι
450 3772 472 3815 di
480 3787 508 3822 ιιι
517 3737 566 3828 laps
577 3771 658 3824 'utrm
666 3779 784 3815 sumnia
803 3778 886 3829 ignem

403 3827 493 3869 umbra
500 3826 599 3877 nideror.
608 3825 640 3867 sat
649 3839 680 3878 μιν
688 3827 778 3868 salissa
787 3826 931 3882 lima·

326 3875 364 3931 ,ὅ
403 3907 410 3924 .
423 3908 429 3922 .
445 3909 451 3922 .
466 3905 473 3921 .
487 3879 572 3927 ‚sehiae
581 3877 600 3920 d·
610 3875 640 3920 lsi
648 3879 734 3979 ssime
742 3879 837 3933 atnam·

469 3945 491 3974 ea
735 3937 842 4000 serenata⁹
