2970 4802
574 273 787 341 —n-

239 393 374 467 Indigenis
385 407 501 452 sacratus
515 402 589 471 aquis
604 399 748 472 magnique
762 397 884 453 sacerdos

239 465 359 522 Phasidis
374 465 514 522 Arctous
534 471 601 524 uites
613 467 715 523 errabat
729 471 757 522 in
771 471 862 533 armis,
986 473 988 480 “

239 534 386 606 (Populeus
399 539 442 589 cui
456 485 558 592 frondis
571 538 660 593 honos
672 551 864 611 cunspectaque
876 536 973 609 glauco

238 604 373 676 Tempora
385 617 525 662 nectuntur
538 608 626 678 ramo)
638 620 673 674 te,
688 607 787 679 Cyme,
802 613 916 679 parentis

238 678 430 732 Immemorem
443 676 524 732 durae
537 679 646 750 cupiens
658 678 788 733 abducere
800 693 923 750 pugnaes

238 746 348 817 lamque
362 759 457 801 omnes
471 747 580 820 impune
593 747 689 819 globos
702 748 860 820 diuersaque
874 746 985 804 lustrans

239 816 367 886 Agmina,
382 832 461 888 quem
476 822 578 890 quaerit
593 834 722 891 nusquam
736 818 818 884 uider,
833 830 911 892 atque
924 819 1021 874 iterum
1035 821 1113 875 intrat

239 883 405 953 Vocrienns,
422 888 518 942 itemm
532 887 594 943 belli
608 889 712 944 diuersa
773 899 864 962 agrat3

239 957 343 1012 Lancea
356 955 491 1014 caeruleas
505 961 605 1013 circum
620 961 712 1030 strepit
753 959 806 1014 cita
819 961 906 1014 uittas.

239 1025 266 1083 0
286 1029 375 1100 primis
390 1026 505 1084 aduersis
520 1027 592 1084 ierus
605 1027 676 1084 hunc
689 1029 824 1086 Gesander
837 1029 957 1086 habenis.
1000 1087 1002 1100 ,

238 1097 250 1154 l
271 1114 287 1153 e
300 1113 409 1153 manum
423 1097 555 1171 trepidans
569 1112 647 1174 atque
661 1103 733 1156 irrita
747 1117 820 1156 stcra
834 1100 951 1167 tetendit,

241 1167 362 1241 «Teque
376 1169 504 1240 perhanc
519 1191 544 1238 a,
560 1171 656 1244 inquit,
672 1191 686 1222 a
700 1172 806 1256 genitor
819 1170 868 1226 tibi
881 1169 905 1226 si
919 1182 1018 1239 manet,
1033 1186 1082 1227 oro

240 1237 383 1302 Canitiem,
399 1254 460 1294 com
523 1240 637 1296 eminas
651 1254 676 1296 et
689 1240 774 1296 sicubi
787 1253 850 1296 nato

238 1308 320 1364 Parce
333 1323 395 1364 meo
411 1329 436 1376 s,
470 1309 525 1368 ixit.
542 1310 644 1367 Contra
657 1313 694 1367 sic
708 1313 795 1366 uictor
807 1312 901 1366 adacto
952 1326 958 1333 ·
1016 1325 1019 1334 ’

238 1380 309 1436 Ense
322 1377 419 1435 refert:
436 1400 450 1432 a
466 1380 588 1450 Genitor,
603 1383 674 1455 turpi
688 1382 782 1438 durare
795 1393 900 1438 senecta

238 1450 328 1515 Quem
343 1449 410 1506 milri
426 1452 489 1507 reris
503 1451 599 1520 adhuc,
615 1454 671 1526 ipse
684 1453 734 1507 hac
747 1453 907 1509 occumbere
920 1453 1009 1510 dextra

104 1579 106 1586 ,
238 1519 333 1576 Maluit
345 1531 424 1594 atque
438 1520 508 1578 ukm
522 1539 615 1596 segnes
629 1524 787 1596 abrumpere
801 1535 894 1580 metas.

158 1635 160 1640 .
237 1591 270 1647 Et
285 1591 333 1647 tibi
347 1594 370 1647 si
402 1593 468 1648 ietas
481 1596 545 1660 nati,
562 1595 584 1649 si
599 1593 689 1650 dextra
704 1592 804 1661 fuisset,

237 1662 315 1717 Haud
329 1609 410 1718 medii
424 1664 547 1736 precibus
559 1675 657 1720 tereres
669 1681 741 1720 nuuc
758 1677 811 1720 tem
849 1681 878 1720 ra
893 1663 965 1732 belli,

236 1733 337 1788 Praeda
350 1731 437 1788 future
451 1751 556 1791 canum.
573 1736 666 1793 iuueni
680 1751 738 1791 sors
752 1735 813 1809 pulc
834 1737 889 1791 rior
901 1738 987 1804 omni,

236 1803 270 1860 Et
284 1815 396 1860 certasse
410 1821 491 1859 manu
506 1805 581 1860 decet
594 1817 620 1862 et
633 1808 747 1861 camisse
761 1804 910 1878 sepulchro.
927 1827 942 1856 s

237 1871 355 1941 Dixerat,
371 1871 414 1929 ille
429 1875 502 1930 Deos
516 1878 636 1931 moriens
648 1874 806 1949 caelumque
820 1887 952 1949 precatur,

152 1985 155 1994 .
236 1942 350 2000 Dextera
363 1961 398 1999 ne
412 1947 511 2000 misero
523 1944 583 2001 talis
596 1944 664 2001 soret
675 1947 757 2002 obuia
769 1958 842 2004 nato.

133 2115 213 2191 Quid
231 2131 344 2190 tmccm
361 2117 479 2182 Colaxis
497 2118 611 2183 uultum
629 2121 797 2204 ferociaque
814 2122 903 2185 uerba
921 2123 1105 2185 memorem?
1122 2123 1220 2197 Quem
1248 2169 1253 2176 .
1310 2139 1314 2149 ·

56 2279 64 2294 ‚
132 2205 239 2270 Iasonis
259 2213 347 2270 manu
366 2205 588 2274 occumbentem
607 2209 681 2272 tristi
698 2223 728 2272 et
746 2209 865 2292 patienti
885 2210 983 2273 animo
1003 2210 1130 2292 iuppiter
1147 2211 1218 2292 ipse,

131 2295 242 2358 iuuenis
262 2291 354 2377 pater,
374 2314 391 2358 e
412 2316 529 2359 summo
552 2296 624 2360 caeli
646 2299 788 2381 adspicit;
807 2297 854 2361 hic
876 2313 964 2381 poeta
984 2299 1069 2362 nimis
1088 2299 1220 2363 modeste

132 2400 204 2466 quae
222 2381 259 2446 dc
275 2382 441 2464 Sarpedone
460 2387 605 2448 Homents
623 2387 686 2448 loui
707 2401 736 2448 et
756 2388 859 2463 Herae,
875 2386 912 2448 de
934 2387 1059 2451 Pallante
1078 2386 1221 2472 Vergilius

131 2469 193 2532 loui
206 2469 344 2534 tribuerat
357 2471 444 2538 uerba
458 2485 573 2536 secutus
588 2483 658 2537 est¹.
674 2475 714 2538 At
727 2488 806 2537 certe
820 2493 900 2538 nous
914 2476 1034 2560 pepigit.

84 2624 88 2634 ,
136 2563 137 2568 ’
168 2557 245 2624 cun
258 2559 324 2622 talia
336 2559 458 2628 libenter
472 2562 651 2647 depingeret,
667 2583 726 2626 non
741 2563 838 2627 solum
851 2583 906 2627 suo
925 2565 1016 2647 ipsius
1034 2565 1153 2652 ingenio
1166 2564 1220 2629 du·
1287 2569 1290 2576 '
1325 2621 1330 2627 .
1365 2635 1373 2647 .
1435 2585 1449 2592 ·

91 2707 93 2711 .
129 2646 255 2724 cebatur,
270 2650 321 2712 scd
334 2652 419 2716 etiam
433 2651 542 2714 Lucani
555 2651 677 2736 uesdgia
684 2651 834 2715 insistebat
847 2667 877 2715 et
890 2653 1041 2717 communi
1054 2651 1222 2737 aequalium

128 2755 248 2800 suorum
262 2738 358 2803 studio
373 2740 550 2825 indulgebat.
566 2742 609 2804 Es
623 2760 683 2824 quo
698 2741 730 2804 fit
743 2756 775 2804 ut
791 2741 836 2805 iris
849 2743 935 2806 rebus
953 2756 1013 2805 tarn
1032 2741 1220 2806 uehementer

130 2824 296 2892 delectetur.
315 2828 435 2892 Multam
454 2831 607 2913 praecipue
626 2849 724 2894 curam
742 2829 936 2894 describendis
954 2831 1074 2915 menete
1092 2829 1220 2896 artificiis

128 2913 279 2996 impendit.
291 2920 396 2981 Nonne
410 2918 544 3002 Scythas,
559 2920 702 2986 Centoras
715 2933 745 2982 et
759 2919 913 2996 Choatras,
927 2933 974 2984 tot
991 2934 1092 3004 gentes
1112 2919 1219 2986 indicat
1274 2991 1282 3002 ‚

128 3003 157 3064 in
183 3003 258 3067 bella
281 3006 471 3089 irrumpentes
494 3009 561 3071 sola
581 3026 672 3091 prope
694 3008 827 3072 Medeam
849 3027 985 3093 sagarum
1008 3007 1217 3074 inclitissimarn

128 3091 244 3157 uidendi
256 3095 429 3176 cupiditate²
439 3094 565 3172 iQuid?
578 3115 646 3160 cum
660 3097 778 3163 Medeae
792 3097 953 3180 potentiam
963 3096 1120 3182 splendidis
1129 3097 1219 3162 uersi-

129 3179 181 3242 bus
194 3181 346 3246 celebrati.

333 3347 408 3405 illius
420 3350 455 3405 sd
468 3331 588 3406 fremitus
601 3366 755 3424 sparsosque
768 3367 814 3424 per
827 3354 887 3408 auia
901 3368 980 3410 sucos
997 3391 999 3398 -

334 3418 426 3476 Sidera
439 3419 490 3475 fisa
503 3432 638 3492 pauentes
652 3420 695 3477 aui
708 3433 795 3494 stupet
807 3421 892 3478 orbita
906 3422 986 3480 Solis.
1051 3483 1064 3493 „

333 3491 417 3546 Mutat
430 3506 510 3564 agros
522 3490 688 3576 fluuiumque
700 3494 768 3558 uias,
783 3508 845 3549 suus
858 3491 949 3567 alligat
962 3493 1019 3566 igni

331 3559 436 3705 itit
449 3561 840 3704 ’.ῗῑίῗεεὲἓῖἒξὲἱ·ἰῗ3ἔ..ῗῗ.ωε
851 3575 982 3636 Μ’

163 3801 219 3863 liic
240 3821 342 3884 parum
363 3803 523 3887 Apollomo
544 3803 646 3882 debet;
665 3805 780 3868 etiarnsi
800 3825 818 3869 e
840 3805 954 3870 Graeco
976 3807 1120 3893 quaedam
1139 3809 1214 3872 inte·
1294 3887 1298 3895 .

123 3907 174 3970 gra
186 3886 246 3952 iere
258 3889 396 3968 adsumit,
409 3911 522 3956 nonunt
535 3893 577 3956 eis
589 3891 721 3958 colorem
734 3893 844 3970 induita
858 3893 912 3972 sic,
935 3893 985 3959 ubi
1006 3895 1141 3960 Medeam
1163 3894 1213 3959 de·

76 4097 77 4102 ’
151 4095 642 4155 ι.ῗιιΛιΜΝΙ,6η.-Ηοιιιι11κι,
720 4101 803 4151 ni‘ss.
813 4105 1069 4160 drgo-„vissein
1140 4160 1143 4170 Ι

86 4149 418 4263 diminuitis
432 4157 532 4213 Μ·
545 4175 573 4189 ·“
586 4155 643 4199 ”““’
682 4203 685 4210 ·
720 4181 944 4240 ³·¹···l¹·⁴⁴¹·¹¹·
