2970 4802
482 289 720 356 ..1,7..

52 417 130 480 mine
143 430 275 480 accurate
288 430 319 480 et
336 417 426 501 polite
444 432 541 495 orant,
563 434 658 502 neque
681 435 718 479 ex
740 429 874 498 tempore
896 414 980 500 loqui
998 414 1145 492 uidentur,

51 505 103 569 sed
124 503 194 589 quid
216 505 321 568 dicturi
341 505 399 569 sint
421 507 593 569 meditantes
615 504 760 567 rhetorica
782 517 953 566 ornamenta
976 503 1144 587 requirunt3

50 595 162 670 Aeson,
184 592 314 656 infernos
336 595 415 657 Deos
437 603 602 678 precatus¹,
623 605 654 654 et
675 591 789 675 Tiphys
810 592 909 655 socios
932 591 1094 668 hortatus²,
1115 604 1147 653 et
1223 637 1228 646 .

50 681 186 763 Mopsus,
203 682 337 744 Iasonem
349 682 448 765 Cyzici
467 697 563 744 morte
583 693 726 742 maestum
745 678 945 755 consolatum,
968 693 996 741 et
1019 678 1146 742 Phineus
1223 687 1228 695 ’
1294 759 1297 766 Ι
1380 681 1383 690 ’
1451 667 1456 674 ’

48 787 117 830 cum
146 771 381 850 Argonautarum
409 768 637 832 misericordiam
660 768 820 843 concitata,
843 780 875 830 et
901 766 1049 848 Meleager
1073 767 1145 828 dum

50 855 201 917 sociorum
214 856 250 917 de
264 857 388 918 Hercule
402 857 510 918 amisso
525 856 661 918 dolorem
669 854 799 929 irrideus,
813 868 843 915 et
852 853 996 915 Telamon
1005 853 1145 914 aduersus
1241 931 1246 939 ἱ

51 939 129 1001 hunc
141 939 288 1001 iracundia
302 941 417 1023 plenam
430 943 653 1022 responsionem
666 937 836 1020 derigens⁶5
851 957 1028 1020 quamquam
1047 939 1144 999 uarios

51 1044 153 1087 sensus
166 1023 308 1108 effingunt
322 1040 351 1088 et
364 1040 495 1102 mouent,
510 1027 574 1089 sine
587 1024 647 1089 ullo
662 1025 722 1087 fere
736 1024 902 1086 discrimine
920 1042 1066 1086 summam
1085 1023 1146 1088 ele·

50 1113 178 1196 gantiam
188 1126 219 1174 et
232 1112 448 1176 uehementiam
460 1127 490 1176 et
497 1113 626 1176 lucidum
636 1113 844 1175 sententiarum
854 1110 986 1174 ordinem
995 1110 1141 1174 exhibent.

49 1204 145 1284 Atque
159 1201 223 1263 illae
236 1201 383 1265 orationes
401 1222 461 1264 non
483 1220 598 1285 semper
617 1221 636 1263 a
654 1201 776 1264 ueritate
798 1201 966 1279 discedunt;
989 1201 1047 1262 iam
1066 1200 1143 1262 cuim

49 1290 218 1351 notauimus
236 1309 324 1375 quam
340 1294 448 1354 Aeetae
467 1303 498 1354 et
520 1291 630 1352 lasonis
654 1289 743 1351 uerba
767 1291 916 1372 utriusque
940 1289 1059 1370 ingenio
1077 1303 1143 1371 apta

50 1390 165 1454 essent;
189 1376 266 1459 apud
288 1379 443 1441 Barbarum
466 1377 630 1459 superbiam
653 1390 682 1438 et
706 1377 810 1439 Graeci
836 1377 963 1439 nominis
987 1375 1090 1438 odium
1114 1389 1144 1438 et
1190 1459 1192 1464 Ι

50 1482 186 1547 magnam
199 1464 410 1542 crudelitatem,
424 1464 502 1550 apud
519 1465 601 1528 illum
626 1464 769 1528 modestia
791 1479 981 1548 temperatam
999 1463 1145 1527 fortitudi-
1187 1497 1191 1506 ·
1215 1529 1217 1537 ,

49 1570 117 1614 nem
129 1567 160 1616 et
172 1573 255 1636 spem
268 1553 441 1616 indomitam
455 1555 580 1635 reperias
588 1562 611 1615 ².

90 1641 148 1718 Sic,
164 1656 196 1704 ut
210 1643 335 1704 breuiter
354 1641 427 1706 haec
445 1641 545 1705 omnia
559 1639 707 1724 colligam,
720 1641 852 1704 Valerius
873 1641 932 1702 acri
944 1654 975 1703 et
991 1639 1143 1724 splendido
1239 1707 1241 1712 ,

50 1743 80 1791 et
93 1731 175 1812 graui
187 1730 300 1792 dicendi
314 1750 420 1812 genere
433 1751 503 1793 usus
518 1744 573 1806 est,
585 1743 614 1792 et
624 1749 802 1814 quamquam
816 1731 844 1791 in
854 1729 1044 1814 depingendis
1059 1729 1144 1794 rebus

50 1830 81 1878 et
101 1819 233 1900 personis
252 1817 299 1879 uel
317 1820 347 1880 in
366 1819 505 1901 eligendis
524 1819 620 1880 uerbis
642 1819 724 1900 plura
746 1839 783 1881 ex
804 1817 867 1880 aliis
890 1818 1078 1901 scriptoribus
1095 1820 1145 1881 dc-

50 1903 204 1986 prompsit,
221 1919 318 1968 tamen
332 1907 450 1988 ingenio
464 1924 520 1970 suo
534 1921 578 1969 est
592 1905 750 1970 obsecutus
764 1921 793 1969 et
813 1919 918 1968 cuncta
941 1925 1010 1969 uere
1027 1908 1143 1992 propria

50 2006 111 2054 arte
124 1993 301 2056 retractauit.

89 2081 167 2142 Cum
181 2083 269 2164 igitur
281 2081 413 2145 Valerius
425 2082 618 2166 Apollonium
630 2084 801 2160 imitaretur,
819 2084 888 2146 nibil
909 2098 970 2146 erat
987 2085 1069 2168 quod
1082 2104 1142 2148 non

49 2167 87 2231 ad
99 2189 232 2232 normam
245 2191 329 2234 suam
341 2171 492 2234 reduceret
505 2191 537 2234 ac
554 2171 692 2252 peculiari
707 2186 777 2235 nota
791 2173 929 2256 signaret.
945 2174 1019 2236 Sane
1033 2171 1143 2236 heroici
1182 2173 1186 2179 ’

48 2257 123 2321 illius
138 2261 272 2322 carminis
286 2259 531 2343 magnificentiam
545 2263 649 2324 mirum
664 2275 806 2344 quantum
819 2263 911 2339 auxit,
926 2263 994 2324 Deis
1007 2263 1144 2344 grauissi-

49 2365 127 2408 mam
145 2361 256 2429 partem
278 2347 447 2412 deferendo.
472 2351 538 2410 lloc
561 2363 605 2411 est
629 2351 707 2411 enirn
730 2350 805 2431 epici
827 2351 971 2434 poematis
994 2351 1142 2433 proprium

49 2436 128 2498 uiros
141 2436 288 2512 inducere,
303 2457 372 2500 cum
386 2438 507 2500 aduersa
525 2437 655 2500 Fortuna
668 2439 813 2523 uariisque
834 2437 970 2521 periculis
987 2438 1140 2516 luctantes,

49 2524 167 2586 numine
192 2525 232 2586 eis
252 2525 408 2588 auxiliante
434 2525 482 2588 uel
502 2545 590 2608 opem
611 2526 783 2609 denegante.
809 2527 916 2589 Nonne
938 2541 1063 2610 propter⁴
1083 2527 1143 2589 hoc

48 2612 145 2691 ipsum
159 2614 280 2675 Homeri
294 2632 384 2694 opera
397 2613 534 2696 singulari
548 2613 673 2697 quadam
693 2613 893 2696 magnitudine
914 2614 1024 2676 imbuta
1044 2614 1143 2676 uiden·
1212 2685 1215 2692 ,
1302 2589 1340 2691 ‚¹-

49 2703 116 2761 tur?
129 2703 169 2762 At
181 2701 377 2764 concedemus
390 2700 526 2764 Flaccum
539 2703 639 2764 Martis
656 2716 686 2765 et
703 2701 780 2765 Solis
801 2701 935 2765 inimicos
949 2721 1053 2766 seusus
1065 2703 1142 2766 louis
1248 2751 1250 2758 .

49 2802 78 2850 et
92 2789 209 2850 lunonis
223 2802 253 2851 et
266 2791 413 2851 Mineruae
429 2789 649 2851 beneuolentiae
663 2790 769 2852 clarius
783 2809 934 2873 opponere
952 2793 1094 2874 potuisse,
1110 2804 1143 2854 ut

49 2877 168 2938 narratis
183 2876 267 2938 rebus
280 2877 420 2938 maiorem
434 2877 495 2937 uim
509 2877 651 2938 incuteret
666 2877 804 2960 omnique
818 2897 852 2938 ex
868 2891 949 2959 parte
970 2878 1046 2940 God.
1070 2880 1142 2940 ller-

49 2963 157 3038 manni,
167 2963 259 3025 incliti
270 2961 347 3024 illius
359 2962 463 3038 critici,
471 2975 625 3045 praecepta
637 2962 785 3025 uideretur
793 2977 923 3026 secutus.
941 2965 1002 3039 Qui
1012 2964 1141 3048 quidem,

47 3049 77 3109 in
89 3049 288 3112 commentariis
300 3050 336 3112 de
349 3049 512 3112 Aristotelis
522 3049 626 3134 parlim
638 3056 705 3122 arte,
721 3064 805 3112 notat
818 3051 883 3113 uiro
906 3070 994 3134 quem
1015 3052 1068 3113 Dei
1088 3052 1142 3114 ini-

48 3137 164 3199 micitiis
177 3150 387 3220 persequuntur
398 3138 474 3200 uires
487 3151 517 3200 et
531 3139 671 3200 uirtutem
688 3138 729 3199 ita
742 3139 841 3221 augeri
855 3137 960 3200 debere
974 3151 1006 3200 ut
1019 3139 1142 3200 admira·

48 3223 160 3287 tionem
173 3237 362 3300 commoueat
376 3237 406 3286 et
423 3223 458 3286 ad
476 3223 605 3306 ingentia
623 3223 751 3286 facinora
770 3244 802 3286 se
824 3225 968 3309 accingat,
988 3227 1139 3308 nosipsos

49 3314 194 3396 prosperis
213 3312 297 3375 rebus
316 3311 437 3389 reficiat,
460 3311 589 3375 aduersis
618 3325 716 3374 autem
741 3314 963 3396 quodammodo
989 3315 1141 3377 contristet

47 3398 142 3464 donec
157 3422 193 3464 ex
206 3400 269 3463 aliis
283 3399 448 3463 numinibus
462 3419 572 3463 nouam
586 3419 675 3483 opem
687 3401 869 3484 acceperit⁸3
890 3402 958 3464 inde
976 3399 1009 3465 fit
1029 3415 1062 3465 ut
1079 3416 1141 3465 stu·

48 3487 94 3551 dia
108 3504 207 3553 nostra
236 3489 397 3553 excitentur
411 3503 441 3552 et
453 3489 539 3553 nobis
559 3487 630 3552 illud
654 3510 729 3572 opus
751 3491 894 3573 grauitate
913 3502 943 3554 et
962 3491 1140 3554 iucunditate

46 3576 165 3660 plenum
190 3578 334 3644 uideatur.
362 3580 462 3664 ltrque
491 3578 546 3641 etsi
572 3575 705 3642 Valerius
733 3579 865 3642 Deorum
898 3578 949 3663 qui
979 3579 1038 3644 acri
1068 3579 1138 3643 odio

73 3864 92 3896 ι.
102 3852 191 3910 rma,
200 3853 219 3905 1,
227 3851 320 3909 parra
648 3861 668 3908 r·
683 3851 725 3905 ld·
741 3852 768 3904 V·
785 3863 880 3908 croso·
896 3855 994 3908 rreror
1007 3853 1057 3907 Vll.
1072 3841 1139 3910 sert.
1180 3918 1182 3922 .

71 3937 92 3968 a.
103 3922 145 3976 ra,
155 3925 184 3977 ιι,
194 3925 261 3979 ⁴7⁴⁶·
621 3905 701 3960 '⁹⁴⁰¹-

74 4007 92 4047 l·
103 3992 145 4046 1r.‚
155 3995 194 4045 111.
206 4005 299 4049 marm
646 3995 665 4036 ⁸.
683 3993 742 4037 Gon.
760 3993 870 4037 Hraaraa
888 3994 910 4036 ίι
926 3991 1045 4036 Ardouba
1057 3991 1082 4035 da
1096 3977 1140 4035 ieta

71 4061 298 4118 nuruum
615 4045 1140 4144 susurrium-tuumne

74 4141 91 4186 r,
103 4131 144 4185 Μ,
155 4132 195 4185 111»
204 4133 243 4188 ‘o
253 4129 298 4191 uri
480 4147 483 4154 ’
617 4129 1059 4249 ἵικῃῆῗεωψψκῴκνιίιακ,
1090 4149 1159 4230 κν,1

71 4201 339 4261 ιωηῳῃ’
