2970 4802
554 285 794 352 ..,ο,..

125 413 288 498 Olympum
308 417 421 498 quatita
441 436 500 478 non
519 416 699 498 conspicitur
714 413 841 477 clamans
861 417 946 498 uirgo
966 413 1057 477 Pallas
1074 413 1232 498 splendida

125 501 216 564 lorica
229 516 258 565 et
272 503 390 566 cristata
403 503 485 586 galea
499 517 528 566 ct
543 503 631 584 longa
645 503 728 564 hasta
743 518 772 566 et
787 518 872 564 uasto
887 501 983 586 clipeo
997 503 1107 564 induta.
1119 501 1231 564 Nullus

121 591 194 650 Ares
209 609 261 672 per
274 589 391 670 agmina
404 590 515 667 euolat,
527 591 636 652 atrocia
646 589 734 652 uerba
744 589 923 671 profundens
936 603 966 652 et
981 590 1109 651 tumultu
1124 588 1231 650 omnia

125 675 260 760 implens.
273 677 342 739 Non
356 697 372 740 e
385 697 503 740 summo
521 677 637 740 aethere
656 677 732 739 nube
751 677 886 740 decenter
903 675 1053 739 subleuata
1072 674 1232 739 descendit
1327 745 1329 752 ¹

124 763 241 847 Cypria,
257 765 383 828 Deamm
398 765 601 848 pulcherrima.
619 765 699 828 Haec
713 783 787 827 uero
801 785 861 828 uon
875 763 930 827 sub
942 763 1066 827 cmdelis
1079 764 1230 826 eiusdem·
1342 827 1346 835 ,

125 871 183 934 que
195 851 288 915 dulcis
303 852 380 917 illius
393 855 470 918 Deae
484 855 542 916 iam
556 854 684 937 imagine
696 853 823 928 uidetur,
834 871 909 936 quae
923 865 1042 916 cunctas
1057 871 1103 914 res
1118 870 1230 914 ornare
1287 925 1291 932 ,
1339 887 1341 894 -

125 956 154 1002 ct
175 959 304 1004 recreare
325 941 510 1026 humanaque
528 941 617 1005 corda
635 959 750 1003 uersare
770 959 803 1004 ac
821 955 960 1025 torquere
978 939 1133 1003 serebatur.
1154 939 1229 1002 Sola
1251 995 1254 1002 ,
1309 1017 1317 1027 Ι
1397 1021 1400 1028 Ι

124 1046 196 1090 uero
216 1029 247 1090 in
266 1028 403 1093 cubiculo
423 1031 517 1107 sedet,
537 1032 676 1093 aduersus
698 1029 818 1105 ostium,
832 1047 982 1112 aureoque
995 1028 1110 1111 pectine
1128 1025 1229 1090 flauos

125 1116 218 1179 crines
237 1117 267 1178 in
285 1118 414 1181 candidis
432 1119 540 1182 umeris
558 1115 670 1181 effusos
688 1117 800 1180 diducit
817 1130 848 1180 et
866 1117 984 1201 egregie
1004 1117 1107 1180 comit.
1123 1116 1229 1190 Quam

124 1205 202 1268 dicas
215 1225 280 1268 esse
292 1225 380 1270 unam
394 1227 430 1270 ex
440 1208 482 1270 eis
494 1206 634 1270 matronis
644 1225 719 1291 quae
728 1205 964 1268 Ptolemaeorum
974 1206 1070 1268 aulam
1085 1203 1226 1288 frequen·

93 1331 97 1341 ·
124 1292 243 1372 tabant;
258 1294 426 1359 domesticis
439 1297 518 1359 enirn
529 1295 616 1358 rebus
629 1295 755 1357 multum
769 1293 909 1378 temporis
927 1293 1056 1377 impertit
1074 1308 1104 1355 et
1124 1291 1227 1355 omnia

124 1382 205 1445 domi
226 1383 379 1467 diligenter
391 1385 520 1467 disponit
531 1397 562 1447 et
573 1382 672 1446 subtili
685 1401 720 1446 ac
738 1381 861 1446 delicata
878 1396 976 1446 mente
994 1381 1127 1465 hospites
1145 1380 1227 1443 exci-

124 1471 179 1552 pit,
195 1471 328 1554 leporem
342 1472 457 1535 dicendi
470 1485 500 1534 et
514 1472 639 1535 honesta
652 1471 803 1554 colloquia
821 1469 971 1544 affectans,
985 1470 1179 1534 urbanitatem
1194 1482 1227 1531 et

124 1557 307 1622 dulcedinem
329 1559 525 1624 redolentibus
549 1559 645 1623 uerbis
669 1559 817 1644 aptissime
837 1578 901 1622 usa.
919 1559 1013 1621 Mater
1036 1576 1154 1642 quoque
1175 1555 1227 1618 illa

124 1645 256 1710 fallacem
272 1649 361 1712 istum
376 1668 499 1732 puerum
512 1663 600 1726 amat,
617 1647 759 1711 cuiusuis
774 1662 888 1709 tautum
906 1666 924 1708 a
942 1645 1113 1708 mortalibus
1131 1643 1226 1707 refor-

124 1736 261 1812 midatur,
277 1737 422 1820 nimiaque
436 1737 616 1820 indulgentia
629 1737 692 1799 eius
706 1737 785 1799 uitiis
800 1735 903 1818 parcit,
917 1753 993 1818 quae
1005 1747 1105 1797 tameo
1121 1731 1225 1816 deplo-

123 1837 168 1886 rat
182 1837 222 1899 et,
238 1837 271 1886 ut
285 1825 381 1888 solent
396 1824 550 1908 pleraeque
564 1838 681 1892 matres.
695 1825 841 1908 agnoscit.

164 1913 246 1986 Quid
261 1913 297 1974 de
311 1916 387 1976 Hem
401 1914 518 1975 dicam?
533 1914 704 1976 firmiorem
713 1927 791 1975 certe
805 1925 834 1974 et
848 1912 1079 1974 constantiorem
1091 1910 1224 1972 animum

124 1999 259 2081 praefert,
282 2001 333 2062 sed
354 2000 426 2064 nihil
447 2001 507 2085 agit
527 2002 607 2083 quod
631 2021 691 2062 non
712 1999 844 2062 mortalis
870 1997 965 2081 aliqua
987 1999 1096 2061 femina
1116 1997 1238 2060 audere.
1325 2053 1331 2069 ,
1362 2015 1367 2028 ·

124 2088 227 2169 possit.
242 2088 334 2150 Pallas
353 2108 471 2172 quoque
485 2109 607 2172 paruum
620 2088 760 2151 auxilium
775 2089 952 2170 hagonautis
968 2086 1079 2149 adferre
1093 2087 1220 2161 uidetur,

124 2194 220 2257 neque
242 2177 312 2238 satis
332 2191 411 2238 certa
434 2178 554 2239 consilia
574 2176 711 2239 adhibet:
732 2195 819 2259 quam
838 2174 1060 2258 quodammodo
1080 2171 1222 2236 cumillis
1340 2160 1352 2211 '-

125 2260 294 2325 mulieribus
321 2281 484 2347 compares,
507 2283 581 2346 quae
608 2262 679 2324 nulli
700 2265 806 2324 marito
834 2276 1024 2325 occurrerunt
1044 2275 1073 2322 et
1089 2261 1222 2343 ,uirgines

125 2349 254 2413 medium
269 2351 326 2413 iam
339 2352 442 2413 aetatis
452 2371 568 2414 cursum
578 2351 675 2414 tristes
685 2365 714 2413 et
724 2370 859 2414 morosae
869 2365 898 2414 et
908 2352 1026 2414 timidae
1036 2361 1229 2432 peregerunt·

162 2438 337 2521 Apollonius
350 2441 437 2524 igitur
450 2440 485 2502 ad
500 2439 662 2522 pingendos
682 2439 836 2502 hominum
850 2459 953 2503 sensus
967 2441 1169 2523 potiusquam
1185 2436 1221 2498 ad

125 2527 340 2610 exprimendam
356 2531 485 2592 Deorum
500 2527 728 2610 magnitudinem
743 2527 884 2611 respexir;
894 2527 1002 2589 summi
1016 2523 1221 2588 tantummodo

125 2615 178 2676 Dei
192 2617 336 2698 praeclare
347 2615 468 2698 liguram
484 2615 680 2690 adumbrauit,
695 2635 764 2677 sane
781 2615 847 2697 quia
863 2615 910 2677 hic
923 2634 980 2678 suo
998 2615 1089 2696 ipsius
1103 2611 1221 2694 ingenio
1338 2638 1377 2688 ,·
1420 2611 1440 2646 '¹

124 2715 229 2783 sponte
243 2703 477 2787 obsequebatur;
494 2724 530 2766 eo
545 2703 623 2765 enim
637 2716 770 2784 tempore
784 2702 953 2785 philosophi
967 2704 1062 2763 Deum
1082 2700 1118 2763 ad
1134 2717 1221 2762 unam

124 2792 253 2872 speciem
278 2793 447 2874 redegerant
471 2804 500 2853 et
524 2789 627 2872 procul
651 2791 686 2852 ab
709 2791 877 2853 hominibus
899 2804 1096 2853 remouerant.
1121 2788 1222 2862 Quare

124 2893 212 2960 poeta
225 2880 361 2943 libentius
373 2879 516 2941 hum-snae
532 2898 617 2961 quarn
639 2878 755 2941 diuinae
773 2879 953 2962 antiquitatis
971 2876 1082 2940 fabulas
1101 2875 1222 2958 collige·

124 2965 183 3040 bat,
200 2967 268 3050 quia
285 2967 383 3041 sacris,
399 2966 565 3048 aequalium
583 2986 705 3028 suorum
724 2967 823 3041 instar,
839 2985 942 3050 pamm
961 2964 1029 3027 fidei
1046 2962 1218 3048 praestabat.
1294 2967 1308 3058 κ’
1439 3013 1446 3044 r

124 3055 193 3117 Inde
206 3054 283 3117 litut
297 3057 390 3117 Herae
404 3052 452 3115 uel
465 3055 586 3136 Cypridi
600 3053 859 3137 pulcherrimarum
873 3053 1029 3117 muliemm
1043 3066 1173 3115 mentem
1191 3066 1220 3113 et

124 3144 261 3206 decorem
275 3157 304 3207 et
318 3143 560 3207 consuetudinem
573 3143 746 3208 attribuerit.
758 3145 897 3207 Ceterum
911 3163 1008 3206 nouae
1021 3143 1162 3228 cuiusque
1180 3139 1220 3203 rei

124 3233 284 3308 studiosus,
301 3233 439 3314 quicquid
455 3233 512 3294 iam
526 3248 679 3316 poetarum
693 3233 813 3314 ingenio
828 3247 858 3294 et
873 3253 927 3294 usu
941 3231 1107 3315 frequenter
1120 3231 1220 3292 tritum
1262 3248 1266 3252 ·

124 3331 186 3380 erat
198 3319 342 3400 despexit,
359 3337 536 3400 omnemque
549 3317 627 3380 illam
642 3337 774 3402 asperam
790 3320 921 3381 Deorum
936 3319 997 3380 uim
1011 3332 1043 3380 ut
1057 3318 1143 3381 nimis
1158 3319 1220 3379 lio-
1306 3382 1309 3388 ,

124 3406 197 3466 meri
210 3421 281 3468 nota
293 3405 462 3488 impressam
477 3406 584 3468 reicere
598 3406 760 3471 constituit.

115 3491 117 3497 '
163 3494 274 3555 Contra
288 3493 431 3568 Valerius,
442 3512 620 3577 quamquam
631 3497 782 3576 ingenium
791 3493 862 3558 illud
873 3495 977 3558 Graeci
988 3508 1092 3578 poetae
1104 3494 1220 3576 sapiens

124 3595 154 3644 et
166 3600 231 3644 acre
245 3596 275 3644 et
292 3582 388 3644 omnis
406 3582 535 3644 ueritatis
554 3583 693 3664 cupidum
710 3583 791 3644 nullo
810 3583 902 3646 modo
923 3600 1047 3666 aequare
1066 3595 1175 3664 potest,
1189 3581 1220 3642 in

124 3669 182 3732 hoc
193 3683 291 3731 tamen
304 3668 380 3731 haud
394 3667 549 3731 infeliciter
559 3669 640 3750 plura
653 3689 731 3732 noua
745 3667 856 3747 attulit;
868 3689 973 3752 nempe
987 3672 1118 3733 Deorum
1133 3681 1219 3752 gesta

36 3753 37 3756 ’
124 3757 154 3819 in
168 3769 229 3818 tam
241 3754 322 3818 bono
335 3756 444 3819 lumine
457 3753 617 3819 collocauit
630 3770 662 3819 ut
675 3758 812 3820 materiae
824 3757 1069 3841 pulchritudinem
1086 3770 1118 3820 et
1134 3775 1220 3840 argu·

124 3843 215 3906 menti
227 3843 398 3927 dignitatem
411 3843 564 3926 diiigenter
578 3845 693 3906 auxisse
704 3845 863 3922 uideretur,
877 3845 958 3908 docti
975 3845 1090 3930 saepius
1102 3857 1219 3928 poetae,
1296 3839 1298 3846 ⁴

51 4013 53 4017 ι
124 3933 176 3995 sed
193 3951 259 3994 raro
279 3929 448 4015 philosophi
468 3944 564 4014 partes
584 3933 759 3997 susduena'.
778 3933 909 3995 Primum
927 3934 1007 3996 euim
1024 3933 1122 4018 plures
1139 3933 1220 3995 ueo·

535 4171 578 4255 qqt
588 4157 618 4202 lt
669 4157 721 4200 autt
735 4157 792 4201 allud
805 4171 851 4202 aare
862 4171 925 4216 quasa
938 4159 1003 4216 ipra·
1015 4157 1074 4203 louis
1086 4157 1219 4202 salutata·
1262 4219 1266 4228 Ι

123 4215 179 4257 latre
194 4209 299 4257 aasaralaa
313 4213 415 4268 quaedam
429 4212 530 4255 mbas
578 4212 646 4254 luaara
656 4211 744 4268 probare
757 4221 846 4256 mssa
858 4221 899 4256 sat.
913 4211 979 4264 Quat
993 4210 1049 4256 lslra
1163 4221 1218 4255 ιιι.

153 4171 170 4204 ι.
180 4159 227 4203 llos
234 4158 412 4216 mortalibus
420 4159 523 4202 rariorem
565 4171 576 4200 a
597 4171 608 4200 a
619 4171 654 4201 aaa
