2970 4802
724 250 961 319 -106-

485 407 494 413 ‘
520 403 561 457 aei
574 399 626 456 τότ’
642 401 749 468 'Aigeai
778 393 895 472 nnia'pqe
908 392 1041 454 ἂντισιιιιι
1056 398 1145 470 niepne

519 477 601 546 σκαιῇ,
617 471 725 545 διξιτιρῇ
740 421 766 526 bd
780 469 912 544 drapntpie
926 461 976 524 dot
991 469 1129 544 pipulum.

295 651 441 724 Attamen,
463 649 516 712 etsi
536 650 720 731 Argonautas
740 666 757 710 e
777 645 860 709 caelo
878 644 1021 709 beneuola
1048 645 1205 728 conspicit,
1234 663 1295 708 non
1321 643 1388 706 ideo

294 736 331 798 ad
344 756 429 798 suum
442 735 573 798 officium
587 737 729 820 pertinere
743 748 826 818 putat
837 753 883 797 res
895 735 932 796 ad
947 748 1086 797 euentum
1105 753 1238 808 mouere,
1252 732 1304 795 sed
1318 750 1389 793 con·

294 836 349 900 tra,
367 825 485 906 pudore
497 823 621 886 fortasse
639 824 737 908 aliquo
751 825 813 885 Dea
826 820 874 884 illa
888 821 973 904 uirgo
988 821 1063 897 silet,
1078 839 1146 884 eum
1161 821 1196 882 ad
1211 818 1388 902 Aphrodites

249 975 252 984 ,
294 924 324 973 et
343 907 436 972 llerae
454 908 637 994 'colloquium
655 911 747 986 adest,
763 909 813 971 ubi
826 909 862 971 de
876 910 986 972 imonis
1000 908 1061 971 lato
1077 909 1183 992 agitur,
1202 921 1232 970 et
1248 907 1278 970 in
1294 909 1388 969 Herae

294 997 442 1070 uoluntate
455 1011 549 1061 totam
562 997 622 1061 lere
636 1015 754 1060 causam
767 995 912 1079 reponit².
926 992 928 996 ’

332 1087 399 1150 Plus
419 1086 524 1151 habent
548 1088 689 1150 momenti
712 1084 815 1149 dolosa
838 1087 958 1149 Veneris
981 1083 1112 1162 artificia,
1136 1083 1219 1147 cuins
1240 1081 1387 1166 egregiam

292 1174 535 1258 pulchritudinem
553 1189 583 1238 et
600 1175 754 1237 munditias
772 1187 834 1236 tam
852 1172 999 1256 eleganter
1017 1174 1110 1256 pinxit
1127 1170 1322 1254 Apollonius3
1336 1169 1388 1232 sed

292 1262 364 1325 nihil
385 1265 446 1346 agit
468 1263 549 1346 quod
570 1283 630 1324 non
652 1282 720 1324 curn
740 1263 802 1325 eins
823 1276 969 1344 potestate
987 1275 1142 1344 congruat,
1161 1274 1191 1323 et
1205 1259 1240 1322 ad
1254 1260 1388 1320 Iasonem

292 1352 418 1435 propitia
430 1351 512 1412 adest
525 1370 594 1412 curn
607 1350 716 1414 multae
730 1371 775 1412 res
790 1351 849 1418 iam
862 1364 947 1413 antea
961 1351 1094 1432 inceptae
1108 1368 1141 1412 ac
1152 1346 1298 1432 perfectae
1307 1359 1386 1411 sunt.

291 1441 385 1501 immo
400 1441 484 1513 Eros,
500 1441 699 1523 potiusquam
713 1440 775 1520 ipsa
789 1440 851 1501 eius
865 1453 958 1502 mater
972 1439 1131 1521 principem
1146 1436 1245 1498 locum
1262 1433 1387 1509 obtinet,

239 1557 248 1575 ·
292 1526 372 1610 quod
383 1527 489 1608 sagitta
499 1527 559 1602 illa,
574 1525 623 1588 ubi
637 1527 763 1608 primurn
777 1525 899 1588 ondens
913 1546 964 1608 per
976 1546 1059 1588 auras
1072 1523 1182 1595 euolat,
1194 1541 1295 1585 secum
1305 1523 1388 1583 laso-

291 1615 336 1675 nis
348 1625 378 1675 et
390 1613 510 1677 Medeae
523 1627 552 1676 et
565 1615 698 1676 omnium
711 1614 948 1696 Argonautarum
962 1612 1020 1675 iata
1034 1633 1094 1676 unn
1109 1613 1169 1674 ictu
1184 1610 1306 1692 rapuiu.

330 1703 380 1773 At,
396 1701 476 1785 quod
490 1715 535 1763 est
549 1701 700 1764 notatione
713 1700 846 1784 dignum,
862 1715 950 1784 poeta
963 1700 1035 1763 nihil
1048 1719 1139 1784 prope
1149 1699 1185 1761 de
1199 1700 1269 1762 lone
1282 1695 1398 1783 refert,-

291 1808 387 1873 neque
400 1789 441 1852 ilii
458 1809 525 1851 cum
539 1789 717 1873 Argonautis
734 1791 891 1874 quicquam
908 1809 1069 1853 commune
1086 1787 1227 1852 attribuit.
1249 1787 1317 1849 Non
1336 1803 1387 1846 au-

291 1887 351 1940 tem
376 1876 434 1941 hoc
460 1878 608 1960 Apollonii
633 1879 845 1962 neglegentiae,
873 1878 1051 1963 antiquitatis
1080 1877 1234 1959 praecipue
1261 1872 1386 1937 studiosi

290 1968 442 2050 uariasque
463 1966 615 2028 hominum
641 1981 754 2030 mentes
778 1966 912 2030 libentius
932 1967 1114 2049 depingentis
1140 1959 1256 2027 attribui
1279 1962 1384 2038 debet;

258 2133 261 2141 1
290 2067 320 2116 at
332 2067 439 2117 contra
453 2072 488 2115 ea
501 2054 613 2117 ratione
625 2075 761 2138 magnam
774 2056 882 2117 summi
895 2054 972 2118 iliius
983 2056 1036 2118 Dei
1045 2055 1236 2118 reuerentiam
1247 2063 1383 2134 praestat.

289 2141 364 2203 Nam
387 2143 514 2224 luppiter
538 2157 570 2205 ut
592 2163 694 2225 parum
715 2163 783 2206 cum
805 2143 974 2206 hominibus
997 2158 1138 2218 uersatur,
1162 2144 1201 2205 ita
1227 2139 1383 2222 imperium

290 2246 377 2290 suum
393 2229 614 2292 confinnauisse
631 2243 661 2293 et
678 2249 772 2292 nouas
790 2231 914 2293 uirtutes
930 2230 984 2293 sibi
1004 2230 1118 2292 uidetur
1134 2229 1289 2311 parauisse.
1306 2229 1385 2288 Deo·

289 2335 354 2378 rum
366 2317 445 2379 enim
458 2316 506 2378 ille
520 2317 732 2401 hominumque
747 2332 828 2401 pater
846 2338 924 2382 nunc
941 2318 1022 2381 solus
1041 2315 1144 2400 procul
1161 2316 1197 2380 ab
1214 2315 1276 2378 aliis
1291 2315 1386 2378 numi·

289 2403 373 2466 mbos
386 2404 417 2466 in
429 2404 564 2467 aetherea
576 2405 646 2468 sede
658 2421 858 2469 commoratus
872 2419 902 2468 et
918 2425 936 2468 a
950 2407 1037 2470 uariis
1051 2404 1130 2468 orbis
1144 2418 1287 2468 terrarum
1300 2403 1385 2465 rebus

289 2489 516 2574 mortaliumque
535 2493 628 2555 oculis
654 2507 795 2568 remotus,
824 2483 967 2557 mundum
991 2514 1008 2556 e
1034 2513 1153 2556 summo
1181 2492 1263 2555 caelo
1290 2491 1384 2572 regit3

203 2639 208 2650 ,
289 2575 368 2639 nulla
381 2597 450 2640 sane
464 2577 557 2662 ligura
569 2579 687 2643 indutus
705 2581 884 2664 conspicitur
897 2595 927 2644 et
945 2580 1035 2643 semel
1048 2595 1163 2644 tantum
1177 2579 1287 2643 dulmen
1301 2579 1386 2640 ueicit

288 2677 322 2726 nt
334 2665 478 2727 minantes
492 2665 623 2729 Colchos
636 2682 754 2744 terreat,
769 2670 852 2752 quasi
865 2668 1037 2732 familiarem
1049 2669 1141 2730 drurnr
1152 2668 1230 2730 rllrus
1240 2667 1290 2730 teli
1299 2686 1386 2728 usum

288 2751 435 2828 antiserit3
450 2771 544 2835 neque
558 2771 630 2816 uero
644 2755 716 2816 iram
731 2774 814 2817 suam
828 2756 891 2839 ipse
905 2755 1060 2838 significat,
1072 2755 1122 2818 sed
1135 2774 1188 2837 per
1200 2753 1274 2816 alios
1287 2766 1387 2815 osten·

289 2839 340 2902 dit.
356 2840 456 2913 Quem
470 2855 590 2923 propter
602 2842 733 2906 occisum
752 2843 911 2926 Absyrtum
929 2845 1014 2907 irasci
1030 2847 1219 2926 A1gonautae
1236 2843 1384 2925 ignorent,

288 2927 344 2988 nisi
361 2927 520 2990 intercedat
539 2931 616 2992 Hera
630 2944 659 2992 et
677 2931 760 2994 nauis
773 2931 822 2994 ille
836 2932 930 2995 malus
944 2950 980 2995 cx
994 2930 1155 2996 Dodonaea
1169 2950 1279 3015 quercu
1292 2929 1386 2993 lactus

289 3032 342 3076 eos
355 3014 538 3079 admoneatt.
555 3017 617 3091 Qui
629 3018 749 3100 quidem
764 3019 862 3080 omnia
877 3019 987 3096 uidett,
1000 3039 1095 3102 neque
1113 3037 1181 3081 eunt
1200 3017 1276 3101 fugit
1293 3017 1383 3080 ullum

289 3099 400 3162 lacinus
419 3120 472 3168 seu
492 3117 605 3165 rectum
627 3123 678 3166 seu
701 3105 854 3188 prauum⁶,
876 3125 970 3190 neque
993 3121 1037 3169 est
1057 3106 1213 3191 quicquam
1232 3105 1312 3189 quod
1324 3123 1386 3166 nnn

287 3189 352 3250 eius
364 3188 517 3252 uoluntate
529 3191 671 3268 accidat7,
684 3193 724 3254 ita
737 3207 771 3256 ut
779 3213 847 3255 cum
859 3196 968 3256 summi
982 3195 1037 3257 Dei
1050 3194 1169 3256 numine
1180 3191 1274 3255 latum
1288 3193 1385 3275 ipsum

288 3277 426 3359 coniungi
438 3277 607 3357 uideatur⁸3
620 3293 752 3342 ceterum
766 3282 916 3363 ingentem
930 3301 998 3365 erga
1011 3283 1135 3344 miseros
1148 3294 1177 3343 et
1191 3281 1286 3344 iustos
1298 3280 1387 3341 mise·

286 3361 441 3428 deordiam
454 3363 502 3428 uel
512 3365 746 3432 beneuolentiam
756 3367 899 3433 exbibete.
911 3370 956 3433 Εο
966 3370 1055 3454 igitur
1063 3370 1177 3433 minore
1187 3367 1279 3432 landis
1289 3359 1386 3450 aplen·

287 3450 358 3515 dore
371 3452 503 3544 conspici
516 3467 615 3538 potest
629 3474 690 3538 quo
704 3456 734 3519 in
748 3455 853 3521 altiore
865 3458 943 3522 solio
958 3457 1102 3523 consedit.

297 3623 500 3638 *ιιι-ι...-

251 3783 255 3792 .
314 3741 334 3776 t.
343 3732 663 3789 mirgadldoodoa.
886 3750 906 3794 p.
918 3738 960 3790 lo..
972 3737 1002 3791 li,
1014 3751 1058 3793 tu.

311 3812 333 3845 a.
343 3797 379 3846 cl.
390 3803 424 3846 De
433 3815 459 3846 na
467 3805 536 3848 vacca
544 3807 694 3860 trutannus,
701 3816 733 3865 op.
740 3807 807 3860 laad..

280 3849 422 3978 ·m,·¹ffi:
431 3862 723 3984 Ἂᾞῖιῗῗιξῗώ
732 3863 781 3916 ⁴³⁶⁸
861 3908 932 3944 uniret
941 3906 1001 3957 scptu
1011 3903 1101 3954 erpeinus
1113 3903 1158 3950 Διδς
1168 3905 1272 3953 uncins·
1282 3905 1351 3952 βουλὴ·

886 3830 906 3872 ⁸.
917 3828 958 3880 in,
968 3828 985 3879 1.
999 3839 1048 3886 ιρις
1060 3841 1106 3884 sqq.
1192 3839 1209 3868 x

464 3995 499 4039 ᾗ
861 3959 935 4004 didm·
943 3955 1052 4018 ςιιλῑιιμιιΙ
1060 3953 1111 4022 fraus
1120 3956 1190 4009 apuu
1203 3955 1318 4009 'Ap-strar

286 4007 520 4106 mummii-d..
527 4050 564 4096 lib.
571 4051 600 4097 il.
607 4065 652 4110 etp.
661 4053 708 4111 up.
716 4066 807 4113 tpoeqq.
861 4017 958 4112 hubba:
967 4015 1001 4061 m
1009 4006 1385 4110 x'dabdnsg‘aavfda'mauwa

312 4119 630 4248 2:1‚.⁴·'²¹.÷.¹.'.‘‚.····*⁸'¹·.¹·
860 4144 1404 4259 ..u1:;;l¹.¹.:.tr:rr.².⁴::5.·ttuusuu·

312 3991 438 4048 aloisii,
512 3997 808 4052 „Cluentium
861 4005 890 4049 'A
