2970 4802
791 737 851 820 XI

429 1049 690 1120 .l'auelaslma
711 1055 811 1116 extra
832 1070 916 1117 rem.
942 1087 986 1100 —
1008 1049 1205 1140 Epilopus,
1270 1007 1273 1013 -
1393 1037 1396 1044 ⁴

314 1352 383 1413 Nou
402 1350 489 1434 igitur
509 1351 535 1413 is
555 1364 600 1414 est
620 1351 671 1434 qui
691 1351 766 1414 serui
788 1349 944 1413 imitatoris
966 1349 1224 1432 reprehensionem
1247 1347 1367 1428 subeat;

276 1439 328 1501 sed
354 1438 390 1500 ab
412 1438 571 1521 Apollonio
592 1439 713 1503 discedit
736 1454 766 1503 et
787 1457 833 1502 res
858 1459 950 1503 nouas
973 1439 1084 1522 pangit,
1108 1439 1258 1520 ingenium
1282 1459 1368 1502 suum

147 1555 150 1562 ¹
275 1542 404 1592 secutus.
425 1528 564 1592 Ceterum
587 1527 659 1591 haee
679 1548 795 1613 semper
821 1526 876 1591 luit
902 1529 1073 1592 Latinorum
1099 1542 1253 1612 poetarum
1280 1528 1366 1604 ratio,

170 1643 172 1646 ·
275 1635 342 1679 cum
356 1616 467 1679 Graeca
480 1635 569 1699 opera
582 1617 764 1679 imitarentur
774 1616 823 1680 uel
836 1619 867 1678 lu
885 1616 1079 1680 domesticum
1093 1636 1260 1678 sermonem
1273 1630 1369 1680 uerte·

274 1720 349 1781 rent,
370 1718 403 1767 ut
423 1707 531 1788 proprii
551 1705 659 1789 ingenii
673 1706 734 1768 uim
748 1719 897 1769 seruarent
909 1707 1070 1788 integram3
1085 1704 1165 1790 quod
1179 1719 1212 1768 ut
1225 1706 1392 1788 principio·

275 1793 493 1856 comoediarum
513 1793 701 1877 scriptoribus
721 1809 808 1879 atque
827 1795 898 1878 ipsis
918 1793 1146 1876 «Euphorionis
1167 1793 1367 1857 cantoribus»

193 1951 195 1956 ,
275 1900 362 1944 curae
374 1882 441 1958 luit,
456 1883 497 1944 ita
509 1895 614 1966 postte
627 1882 669 1945 illl
683 1885 734 1967 qui
745 1885 883 1968 Augusto
897 1882 1013 1945 fuerunt
1026 1881 1159 1966 aequales
1174 1881 1221 1944 uel
1238 1883 1369 1944 eiusdem
1392 1877 1394 1881 ’

275 1971 361 2033 aetati
369 1983 587 2048 successerunt,
606 1971 790 2035 artificiosius
809 1972 940 2034 Latinam
953 1972 1013 2034 uim
1028 1986 1057 2034 et
1070 1971 1243 2053 grauitatem
1256 1971 1368 2034 Graeca
1447 2033 1449 2040 ,

276 2057 419 2143 elegantia
433 2072 462 2122 et
476 2058 631 2123 subtilitate
645 2073 890 2144 temperauerunt.
1178 2059 1179 2062 ’

316 2149 378 2210 Nos
405 2162 503 2211 autem
530 2149 664 2212 uidemur
689 2169 757 2212 eum
783 2151 842 2211 iam
868 2168 986 2212 cursum
1012 2149 1151 2226 tenuisse,
1175 2168 1262 2234 quem
1283 2150 1370 2213 uobis

278 2237 570 2321 praescripseramus3
592 2257 681 2322 quare
701 2258 761 2301 nou
782 2236 866 2300 nobis
887 2238 917 2299 in
938 2237 1036 2298 auimo
1057 2250 1101 2298 est
1120 2249 1200 2299 extra
1218 2237 1369 2301 fiuesillos

278 2325 394 2406 eoagari
415 2339 446 2386 et
467 2324 536 2387 huic
559 2326 705 2408 opusculo
735 2325 808 2390 alius
836 2324 900 2388 libri
926 2326 1077 2387 materiam
1104 2326 1249 2403 inserere;
1278 2346 1369 2409 pauca

277 2424 374 2474 tamen
394 2427 530 2495 putamus
550 2413 669 2476 dcenda
690 2427 722 2476 ut
741 2427 876 2496 appareat
894 2411 1042 2475 Valerium
1060 2412 1162 2475 eadem
1180 2427 1241 2475 arte
1258 2434 1294 2476 ac
1308 2414 1368 2498 pari

277 2501 467 2582 temperantia
480 2520 517 2563 ex
529 2499 659 2583 Vergilio
674 2499 721 2564 uel
734 2501 841 2583 quouis
859 2501 917 2564 alio
936 2501 1078 2584 scriptore
1091 2500 1238 2580 hausisse;
1253 2501 1294 2566 sic
1308 2520 1371 2564 me-

276 2585 333 2649 lius
351 2587 538 2652 illustrabitur
559 2603 665 2671 poetae
686 2591 779 2652 nostri
802 2590 963 2672 ingenium,
986 2588 1121 2674 famaque
1143 2591 1206 2653 eius
1228 2591 1264 2652 ab
1287 2591 1369 2666 omni

185 2719 191 2731 ·
220 2683 223 2688 “
278 2676 492 2761 uituperatione
515 2677 694 2740 defendetur.
717 2679 856 2760 Ceterum
879 2679 1040 2741 doctissimi
1062 2679 1252 2742 Germanicae
1274 2680 1369 2764 gentis

220 2820 223 2826 .
278 2764 333 2828 uiri
346 2763 404 2829 boc
417 2787 492 2850 opus
505 2767 634 2850 aggressi
647 2779 715 2830 suut
731 2781 761 2830 et
779 2767 815 2830 de
834 2766 879 2829 his
893 2765 978 2830 rebus
991 2765 1069 2830 baud
1082 2766 1245 2830 mediocres
1256 2767 1370 2831 libellos

279 2869 518 2936 composuerunt.
555 2901 565 2906 -
645 2894 650 2902 ·

317 2941 448 3008 Valerius
465 2944 607 3028 plurimos
626 2943 715 3007 libms
733 2945 783 3029 qui
798 2946 945 3028 ingentem
963 2944 1069 3008 lamam
1083 2945 1234 3010 consecuti
1248 2959 1329 3009 erant
1341 2958 1371 3009 et

279 3033 493 3118 tuucundique
516 3031 680 3097 ferebantur
701 3033 731 3096 ln
754 3053 857 3097 manus
878 3033 993 3098 uidetur
1015 3033 1180 3118 frequenter
1202 3035 1368 3118 sumpsisse.

280 3121 340 3184 lam
365 3121 557 3185 intelleximus
585 3136 724 3206 quantum
752 3123 782 3184 in
809 3121 1002 3185 describendis
1024 3123 1216 3187 Barbarorum
1242 3121 1371 3186 moribus

280 3212 445 3296 Pomponio
465 3210 558 3273 Melae
580 3209 705 3274 deberet.
730 3211 832 3294 Neque
853 3229 925 3273 uero
949 3210 1095 3272 Diodorus
1123 3211 1150 3274 ei
1177 3210 1370 3295 spernendum
1392 3217 1394 3220 ’

280 3301 419 3364 auxilium
432 3297 527 3361 attulit
541 3299 610 3382 quia
623 3298 700 3361 bunc
714 3312 864 3360 auctorem
882 3298 1049 3374 adsecutus,
1062 3299 1187 3362 llesonls
1204 3312 1233 3361 et
1246 3298 1372 3362 Alcime-

280 3389 330 3453 des
343 3387 536 3452 uoluntariam
550 3405 652 3450 necem
665 3400 696 3450 et
710 3387 858 3449 Hesionen
872 3386 907 3448 ab
923 3385 1047 3449 Hercule
1060 3385 1210 3450 liberatam
1223 3386 1370 3464 narrauit3

281 3499 316 3541 ex
336 3497 398 3562 quo
427 3477 541 3539 uidetur
567 3473 648 3558 plura
672 3474 708 3537 ad
730 3474 925 3558 effingendam
949 3476 1068 3538 Medeae
1089 3495 1246 3558 personam
1265 3474 1314 3538 uel
1335 3476 1372 3537 ad
1415 3512 1418 3520 ·

280 3566 500 3648 exprimendum
518 3561 588 3626 illud
602 3562 712 3626 Pboebl
727 3561 869 3644 templum
884 3563 1107 3646 deprompsisse.
1129 3563 1222 3626 Multa
1240 3565 1318 3626 enim
1334 3563 1372 3625 de

280 3655 401 3740 magicis
414 3651 534 3716 Medeae
547 3651 673 3714 anibciis
687 3652 817 3715 Graecus
830 3649 878 3713 illc
892 3652 1049 3716 historicus
1061 3651 1218 3715 rettulerat.

318 3743 457 3813 Ceterum
476 3741 601 3804 uidimus
621 3753 728 3822 quanta
746 3759 815 3804 cura
833 3738 965 3803 Valerius
985 3741 1056 3802 baec
1077 3741 1177 3803 omnia
1197 3739 1372 3816 ornauisset‚

280 3830 373 3895 Taciti
392 3832 544 3893 maiestate
563 3826 650 3910 digna
669 3827 821 3912 effingens.
837 3827 949 3891 Eodem
970 3827 1060 3891 modo
1074 3827 1177 3913 aliquis
1186 3828 1371 3892 demonstret

275 3912 417 4002 'pluraex
434 3915 556 3980 Homeri
577 3914 625 3979 uel
643 3915 757 3979 Pindari
782 3915 924 4000 poematis
948 3935 1013 3980 esse
1034 3918 1199 4001 desumpta.
1222 3916 1279 3980 Sed
1301 3913 1371 4001 quid

266 4059 267 4062 η
280 4008 361 4072 iuuat
370 4004 515 4092 'quandam
521 4003 762 4068 uecessitudinem
768 4002 982 4085 deprehendere
988 4004 1062 4068 inter
1070 4005 1191 4070 Homeri
1198 4013 1371 4088 cauponantes

280 4109 311 4160 et
328 4094 395 4159 illos
413 4112 514 4158 uersus
532 4091 637 4176 quibus
656 4090 770 4169 Medea,
785 4093 897 4155 lunone
914 4090 1000 4169 duce,
1014 4092 1126 4177 proelia
1143 4104 1174 4157 et
1192 4105 1371 4180 pugnatores

279 4183 445 4251 audiaaims
455 4179 619 4270 conspicit?
627 4181 723 4271 Atque
736 4179 796 4245 boc
809 4178 978 4268 praesertim
990 4199 1028 4248 eo
1042 4181 1138 4247 minua
1154 4181 1224 4248 utile
1242 4181 1369 4260 uidetur,
1404 4207 1406 4216 .
