2970 4802
705 196 920 264 ,6,-

270 345 377 428 pallam
396 345 501 422 induit,
522 359 551 408 et
571 345 650 428 regia
668 344 774 408 domus
793 338 920 422 in'censa,
943 343 1014 407 dum
1032 363 1118 407 rnrrn
1138 362 1226 428 quern
1245 343 1356 408 ducunt

199 503 206 531 ἑ
270 432 412 498 &aeones
425 432 523 496 euolat
536 433 654 517 impune
666 451 756 516 saga:

593 647 601 663 .
611 645 618 660 .
629 603 715 660 .iiaec
726 614 784 658 turn
798 601 924 658 miracula
937 599 1048 658 Colcbit

453 673 585 730 struxerat
597 673 751 800 lgnp'potens
765 672 885 730 nondum
898 671 1068 730 noscentlbus
1082 670 1126 729 ille

453 742 741 874 &agelagppmi'geps
753 756 800 800 aut
813 759 880 818 quae
893 754 964 800 secet
975 743 1108 816 sngulbta
1120 759 1196 800 auras

313 996 417 1059 Vrdere
428 997 518 1079 igitur
530 997 598 1060 licet
612 1017 700 1082 qnam
712 996 796 1062 facile
807 998 844 1061 ab
863 997 1025 1080 Apollonio
1039 998 1167 1062 discedat
1180 1011 1210 1061 et
1224 1016 1293 1062 uere
1307 1016 1359 1080 ge·

273 1084 361 1146 nnina
372 1099 497 1167 promat.
513 1087 546 1148 ln
558 1086 746 1172 depingendis
759 1086 854 1161 rebus,
869 1087 1036 1169 praesertim
1051 1086 1081 1148 in
1093 1084 1358 1149 describendorum

274 1190 342 1236 uere
364 1173 409 1236 sui
432 1173 576 1255 propriam
599 1187 689 1236 artem
710 1173 849 1237 adhibuit.
878 1175 970 1249 Quod
998 1175 1055 1236 iam
1081 1175 1260 1249 notauimus,
1289 1173 1358 1256 quid

273 1259 349 1342 apud
361 1260 550 1344 Apollonium
563 1261 722 1345 neglexerit
736 1261 940 1345 significantes.
955 1261 1022 1324 Plus
1036 1263 1113 1324 enim
1124 1262 1255 1324 Valerius
1272 1258 1358 1324 habet

273 1349 378 1411 uirium
400 1367 486 1432 quant
507 1347 684 1426 subtilitatis,
706 1364 737 1414 et
758 1351 853 1413 acrior
873 1362 920 1414 est
940 1369 1028 1434 quam
1047 1348 1210 1416 iucundior.
1231 1348 1358 1412 Abusus

272 1436 424 1498 domestici
437 1435 523 1498 rebus
536 1434 684 1513 abhorret,
703 1436 774 1499 nibil
794 1436 872 1499 aliud
892 1437 986 1518 magis
1006 1456 1094 1519 quam
1114 1455 1202 1518 graue
1223 1447 1253 1499 et
1273 1453 1358 1516 saepe

271 1519 438 1584 alietatum
458 1521 578 1584 dicendi·
591 1540 685 1603 genus
705 1523 870 1607 requirens;
888 1523 941 1585 sed
962 1522 1011 1586 nbi
1032 1535 1130 1605 potest
1151 1522 1360 1585 conuenienter

272 1621 302 1671 et
315 1623 481 1692 opportune
495 1607 608 1672 ualidos
622 1629 726 1673 sensus
739 1623 769 1674 et
781 1609 927 1692 praeclara
940 1609 1084 1694 sortisque
1097 1609 1226 1674 faunora
1238 1607 1275 1672 ad
1294 1626 1361 1671 mo-

270 1696 382 1760 nendos
404 1698 518 1761 animm
540 1697 706 1781 depingere,
730 1697 838 1762 nemini
860 1717 951 1782 prope
973 1697 1075 1762 cedere
1099 1697 1226 1762 uidetur.
1250 1695 1358 1761 Eadem
1453 1757 1467 1776 ¹,

271 1799 332 1849 arte
344 1787 446 1864 utitur,
460 1786 484 1849 si
497 1805 596 1848 rerum
610 1800 742 1849 naturam
755 1785 907 1864 describit;
921 1805 981 1850 non
995 1787 1072 1849 enim
1087 1805 1162 1870 quae
1173 1785 1254 1850 uidet
1271 1784 1360 1870 aptis·
1452 1789 1467 1802 “”

237 1927 246 1942 .
271 1874 345 1936 sime
359 1872 522 1950 adumbrat,
535 1894 602 1949 nec,
615 1888 649 1937 ut
661 1875 701 1938 ita
715 1875 821 1950 dicam,
842 1886 911 1938 ante
928 1872 1032 1938 ocutos
1046 1875 1197 1958 proponit,
1212 1894 1307 1958 neque
1320 1874 1360 1936 ita

270 1959 422 2024 subtilibus
434 1962 516 2024 lineis
530 1962 658 2045 speciem
671 1963 816 2046 quandam
830 1961 1032 2025 circumcludit
1051 1975 1084 2026 ut
1104 1961 1176 2026 baec
1195 1963 1260 2045 ipsa
1281 1979 1361 2024 mera

270 2049 397 2110 emineat
409 2061 439 2110 et
452 2047 620 2124 illustretur,
642 2049 694 2112 sed
715 2069 749 2112 ea
769 2063 881 2112 tantum
902 2049 985 2131 eligit
1003 2066 1078 2132 quae
1098 2049 1249 2132 copiosam
1270 2061 1360 2112 ntate-

271 2134 345 2198 riam
358 2149 503 2218 praestent
515 2148 545 2199 et
558 2136 666 2218 ingenii
678 2134 788 2200 lumina
802 2154 947 2200 arcessere
956 2136 1119 2201 uideantur.
1135 2138 1247 2214 Quare,
1257 2155 1319 2200 non
1329 2148 1362 2199 ut

106 2301 111 2308 .
241 2267 245 2273 -
271 2223 457 2307 Apollonius,
482 2223 575 2287 solem
601 2224 731 2310 depingit
756 2224 793 2287 ad
819 2224 946 2288 medium
972 2243 1090 2288 cursum
1116 2244 1304 2309 progressum
1332 2236 1363 2287 et

272 2329 410 2374 aaromm
422 2310 538 2374 umbras
553 2314 677 2378 maiores
690 2313 720 2374 in
733 2331 840 2394 campo
854 2326 1068 2396 procurrentes.
1195 2321 1201 2336 ‘

505 2469 566 2601 ipo:
580 2477 605 2530 δ’
620 2475 701 2545 ipsiius
714 2475 830 2548 σταθερὸν
843 2477 1019 2550 repapriisrat
1031 2469 1109 2551 ἦμαρ,

545 2546 572 2602 di
586 2547 638 2602 tias
652 2548 807 2603 exordiorum
821 2545 998 2602 ὑποσκιόωνται
1013 2544 1127 2621 dpoupat,

504 2616 620 2672 bertistis
634 2619 756 2679 κλίνοντος
770 2616 818 2672 ὑπὸ
830 2616 904 2691 ζόφον
917 2616 1035 2687 leiloio&

273 2784 423 2868 Nusquam
444 2784 521 2868 apud
544 2787 709 2849 Romanum
732 2799 850 2870 poetam
872 2785 990 2864 fluctus,
1011 2785 1146 2870 Zephyro
1166 2785 1303 2863 adflante,
1323 2785 1364 2849 le-
1412 2848 1415 2854 .

274 2873 348 2936 niter
368 2875 526 2952 succussit,
546 2893 641 2960 neque
659 2873 876 2959 puluerulentac
899 2877 1020 2941 semitae
1037 2876 1129 2960 prima
1146 2873 1212 2938 luce
1229 2875 1260 2938 in
1279 2874 1363 2939 uiridi

273 2983 379 3049 campo
391 2962 597 3044 albescentesl,
611 2983 705 3050 neque
723 2965 801 3029 unda
820 2964 951 3029 stridenti
964 2966 1063 3030 sonitu
1081 2966 1111 3029 in
1129 2983 1243 3028 aeream
1260 2983 1363 3028 umam

273 3053 491 3138 praecipitant,
505 3073 600 3139 neque
612 3053 684 3118 illud
697 3068 813 3139 tempus
827 3074 900 3140 quo,
916 3069 1004 3119 nocte
1017 3054 1158 3132 discussa,
1179 3053 1242 3117 dies
1263 3068 1363 3117 umen

273 3142 335 3226 ipse
349 3142 480 3205 nondum
501 3142 607 3228 lucet‘.
628 3143 696 3207 Non
716 3163 786 3208 sane
805 3143 871 3207 ilios
892 3162 994 3207 uersus
1015 3162 1140 3229 aequare
1162 3153 1285 3206 onustus
1306 3155 1362 3220 est,

274 3229 379 3316 quibus
392 3231 565 3316 Apollonius
579 3243 673 3296 totam
686 3232 841 3297 Thraciam
853 3251 923 3296 cunt
940 3231 1026 3296 litore
1047 3246 1078 3296 et
1097 3231 1197 3296 insulis
1218 3245 1248 3296 et
1267 3228 1365 3294 lluuiis

223 3396 227 3403 Ι
273 3339 292 3380 e
312 3339 429 3383 summo
452 3335 555 3384 monte
574 3325 809 3406 Argonautarum
829 3321 924 3384 oculis
949 3322 1006 3383 late
1031 3334 1180 3403 patentem
1206 3318 1366 3403 descripse-

275 3416 345 3471 ratt.
367 3409 448 3472 ilaec
469 3422 514 3472 est
534 3409 634 3494 imago
656 3409 765 3473 exactis
786 3408 869 3492 lineis
891 3421 958 3494 apte
980 3408 1208 3493 circumscripta.
1223 3406 1365 3471 Valerius
1399 3485 1401 3492 Ι

165 3521 169 3526 ·
274 3510 377 3559 contra
389 3516 423 3558 ea
436 3510 548 3561 tantum
561 3497 716 3561 obseruare
729 3511 759 3561 et
772 3498 928 3581 depingere
942 3496 1036 3561 uoluit
1057 3497 1163 3582 quibus
1182 3497 1246 3580 ipse
1255 3501 1257 3504 ’
1265 3515 1366 3560 moue·

273 3581 357 3646 brou
369 3597 399 3647 et
412 3585 529 3668 quaein
542 3585 665 3669 legentis
678 3587 778 3650 animo
798 3587 932 3671 ingentes
951 3603 1054 3650 sensus
1074 3585 1244 3650 eruerent.
1260 3583 1365 3659 Qualis

154 3677 157 3682 '
275 3671 381 3735 estilla
393 3672 521 3754 procella
534 3692 622 3758 quatu
635 3673 826 3738 uehementer
838 3673 962 3738 effinxit.

304 3889 728 3948 ¹·lersnnbsta0ltotsst·
871 3893 944 3946 aba
954 3891 972 3945 ¹.
982 3902 1028 3947 tat·
1130 3881 1137 3900 '

235 3975 237 3980 ·
304 3959 642 4026 embammatum.
873 3971 1103 4028 &laslinse-¹¹37·

184 4067 187 4072 -
304 4029 498 4108 ututur-t,
717 4027 724 4039 '
870 4051 1037 4108 arannem.

317 4099 754 4214 ὣεΰζινὲῶᾮᾝῃ
871 4130 945 4186 Md..
955 4131 973 4182 l,
985 4141 1043 4174 trra.
