2970 4802
748 327 986 394 -128-

322 475 454 534 iasonem
467 485 681 555 persequuntur
700 473 857 535 ministeria
876 471 979 534 melius
997 470 1149 554 illustrarev
1160 469 1268 540 debuit,
1292 469 1350 532 hoc
1369 484 1412 533 ta·

321 579 388 620 men
402 558 493 620 landis
508 559 534 617 ei
549 557 733 618 tribuendum
752 572 795 618 est
817 559 895 640 quod
917 557 1034 619 illorum
1054 558 1250 618 interuentum
1270 570 1300 616 et
1320 558 1411 617 actio·

319 663 387 704 nem
400 643 436 703 ad
449 644 627 704 exactiorem
642 642 764 704 modurn
777 642 905 725 redegit3
928 662 987 704 non
1005 643 1078 704 haec
1099 642 1196 704 diuina
1215 641 1353 703 beneficia
1375 641 1411 702 ad

318 729 467 812 Apollonii
481 729 628 810 exemplar
636 730 743 811 passim
756 743 785 790 et
793 731 958 811 parcissime
968 727 1112 802 adhibuit,
1122 727 1171 790 sed
1182 742 1214 790 ut
1223 746 1259 789 ex
1270 727 1411 810 prudente

319 818 437 880 numine
453 817 609 902 pendentia
626 817 775 900 expressit.
802 818 874 892 Quo
898 815 971 880 ultra
985 815 1189 900 Apollonium,
1204 829 1236 879 ut
1249 817 1289 879 ita
1303 815 1409 893 dicaam

248 903 250 910 ’
319 925 502 990 progressus,
517 906 553 968 ad
568 921 658 968 artem
672 907 858 968 Homericam
872 924 904 968 se
918 905 1071 968 contulit¹.

357 996 415 1056 Res
428 1007 472 1056 est
485 994 627 1077 quaedam
642 1013 699 1075 qua
712 1012 821 1054 nouam
836 993 963 1074 speciem
977 993 1059 1074 operi
1078 991 1202 1054 addidit:
1218 990 1328 1053 scilicet
1339 992 1412 1052 luci·

319 1079 372 1141 dus
386 1078 434 1141 ille
448 1081 522 1142 ordo
536 1099 596 1162 qno
611 1082 710 1142 omnia
724 1081 798 1141 inter
811 1101 842 1140 se
856 1094 921 1161 apte
936 1080 1093 1160 excipiunt,
1109 1092 1138 1140 et
1147 1097 1200 1160 pro
1215 1079 1289 1139 iusta
1298 1079 1410 1140 ratione

319 1167 447 1251 quidque
460 1168 624 1248 exponitur.
642 1169 755 1228 Omnes
768 1179 865 1228 autem
887 1167 1029 1247 poematis
1050 1179 1145 1249 partes
1165 1165 1280 1247 egregie
1299 1177 1411 1247 tempe-

319 1273 394 1328 rans,
418 1252 550 1317 Valerius
574 1255 714 1339 cuiusque
734 1254 856 1336 legentis
880 1267 1008 1315 mentem
1032 1253 1067 1315 ad
1092 1253 1202 1314 lasonis
1223 1253 1360 1315 uirtutem
1381 1267 1410 1316 et

317 1360 461 1417 amorem,
476 1344 605 1404 Deonrm
620 1343 784 1405 ministeriis
798 1343 902 1404 seruati
918 1355 947 1403 et
960 1341 1079 1403 aduersa
1093 1343 1156 1423 ipsa
1169 1340 1285 1402 fortuna
1304 1340 1409 1403 firmati

316 1431 471 1492 conuertit.
486 1431 559 1491 Sane
572 1428 651 1492 hunc
665 1431 798 1492 omnium
822 1449 918 1491 rerum
937 1431 967 1492 in
988 1428 1131 1491 narrando
1152 1447 1328 1491 consensum
1345 1429 1410 1490 Pin·

317 1517 402 1578 darus
415 1518 445 1578 in
459 1529 563 1600 quarto
578 1517 700 1598 Pythico
714 1519 841 1578 carmine
856 1516 959 1578 melius
969 1515 1077 1591 effecit,
1092 1516 1140 1577 ubi
1155 1515 1256 1577 eadem
1271 1515 1319 1577 illa
1333 1516 1410 1578 laso-

316 1605 360 1665 nis
374 1604 435 1666 laus
448 1603 624 1680 celebratur;
638 1604 695 1667 illic
710 1605 788 1666 enim
801 1605 899 1666 herois
912 1623 1025 1680 sensus,
1041 1605 1070 1665 in
1085 1603 1185 1685 primis
1197 1603 1360 1665 constantia
1376 1617 1406 1664 et

315 1692 389 1753 acris
403 1691 545 1775 cupiditas
558 1693 679 1773 patriam
694 1705 726 1754 ιιι
744 1713 761 1754 e
775 1691 850 1753 Pelia
865 1692 1004 1753 iniustum
1017 1691 1172 1774 imperium
1194 1692 1222 1752 ui
1245 1691 1346 1772 eripiat
1365 1710 1410 1752 re-

218 1841 223 1848 ,
316 1781 437 1855 uisendi,
453 1780 574 1863 alyrico
588 1794 676 1863 poeta
690 1782 806 1862 egregie
820 1781 1024 1863 depinguntur.
1040 1779 1097 1841 Sed
1115 1778 1246 1841 -Valerius
1266 1779 1320 1840 etsi
1341 1799 1409 1841 cum

315 1869 438 1930 Pindaro
451 1867 533 1930 nullo
548 1869 640 1930 modo
655 1868 816 1950 comparari
831 1881 940 1950 potest.
960 1867 1086 1929 multum
1104 1880 1201 1929 tamen
1224 1867 1292 1928 artis
1310 1867 1346 1929 ad
1365 1888 1410 1928 re·

315 1975 379 2017 nrm
393 1956 614 2038 dispositionem
627 1955 734 2017 attulit.
751 1958 845 2018 lmmo
860 1956 885 2016 si
901 1957 965 2038 quis
974 1956 1010 2018 ad
1021 1955 1078 2017 hoc
1090 1956 1275 2037 potissimum
1285 1969 1407 2037 spectat,

315 2058 434 2126 poetam
448 2058 580 2106 nostrum
593 2043 752 2123 Apollonio
767 2056 912 2124 praestare
925 2042 1072 2119 fatebitur,
1088 2045 1135 2103 cui
1154 2045 1223 2104 satis
1241 2041 1333 2104 fuerat
1346 2046 1409 2114 (ne-

279 2187 285 2194 .
316 2150 372 2214 que
386 2151 457 2194 uero
472 2132 543 2194 haec
562 2131 681 2193 minima
700 2131 775 2202 laust
798 2130 933 2194 homines
956 2145 985 2194 et
1009 2131 1105 2193 uarios
1129 2149 1226 2194 mores
1252 2130 1288 2194 ad
1306 2150 1408 2193 uerum

217 2245 222 2252 ·
316 2221 562 2305 exprimere;·qni
580 2222 697 2303 quidem
716 2220 839 2300 simplici
858 2219 972 2283 dicendi
990 2241 1095 2302 genere
1118 2219 1252 2282 utebatur
1272 2235 1302 2283 et
1320 2238 1407 2282 omne

316 2311 457 2372 orationis
478 2307 633 2370 artificium
652 2311 712 2371 siue
731 2307 889 2391 effugiebat
912 2310 974 2371 siue
998 2322 1077 2371 certe
1099 2307 1307 2372 dissimulabat.
1328 2308 1406 2382 Scire

316 2398 394 2458 enim
406 2395 520 2458 difficile
534 2410 578 2456 est
595 2415 612 2456 e
632 2416 691 2478 qua
708 2397 865 2478 praecipua
888 2416 919 2458 re
940 2395 988 2458 nel
1010 2416 1134 2478 persona
1161 2397 1306 2458 Graecum
1332 2414 1406 2477 opos
1463 2386 1468 2399 '

314 2496 411 2546 totum
425 2483 558 2565 pendeat.
573 2485 720 2545 Primasne
740 2498 835 2564 partes
858 2483 935 2566 apud
958 2483 1149 2566 Apollonium
1170 2484 1229 2565 agit
1247 2483 1350 2544 lason?
1368 2483 1406 2544 At

271 2621 274 2626 .
314 2570 363 2632 ille
374 2572 488 2653 saepius
502 2570 669 2633 dimouetur
683 2584 711 2632 et
725 2572 846 2634 subduci
860 2571 985 2647 uidetur,
1001 2571 1206 2654 aliquantisper
1218 2570 1306 2632 etiam
1320 2567 1406 2632 alicui

314 2660 404 2721 esuis
418 2659 573 2721 comitibus
587 2659 674 2721 cedit.
689 2658 735 2720 Ad
749 2659 868 2721 Medeae
884 2673 913 2722 et
927 2659 1036 2721 lasonis
1055 2678 1170 2720 amores
1191 2671 1294 2720 cuncta
1307 2657 1406 2721 referri

314 2745 440 2808 debent?
460 2747 518 2808 Sed
540 2747 653 2829 puellae
676 2765 760 2810 amor
781 2749 812 2809 in
828 2748 925 2809 tertio
954 2748 1027 2810 libro
1056 2747 1161 2808 eximie
1184 2745 1351 2823 illustratur,
1376 2746 1406 2807 in

268 2857 269 2860 ¹
314 2848 419 2916 quarto
432 2848 530 2896 antem
543 2835 616 2897 haec
631 2855 753 2918 propea
772 2850 861 2940 ppeta
882 2836 1037 2899 omittitur.
1060 2834 1161 2897 Noluit
1186 2853 1255 2896 sane
1277 2835 1405 2917 optimus

313 2922 361 2984 ille
375 2924 504 2985 Graecus
517 2925 631 2999 artilex,
646 2944 716 2986 cum
729 2925 849 3007 uirginis
864 2945 931 3009 erga
947 2927 1081 2986 lasonem
1095 2922 1216 2985 affectos
1230 2921 1405 3026 depingendi

143 3089 150 3101 ι
212 3009 214 3014 ’
313 3010 433 3074 facultas
447 3011 572 3088 daretur,
587 3012 813 3096 pulcherrimam
827 3012 905 3074 illam
920 3014 1072 3075 materiam
1088 3012 1327 3094 praetermittere
1348 3009 1404 3072 Sed

313 3099 408 3181 ampla
420 3099 552 3163 doctrina
564 3061 706 3178 imbutus,
723 3101 794 3164 nihil
807 3103 954 3185 antiquius
968 3101 1068 3164 habuit
1082 3119 1170 3183 quam
1184 3113 1217 3162 ut
1239 3099 1338 3162 omnia
1351 3101 1405 3161 Αι-

313 3203 507 3270 gonautarum
521 3188 649 3251 facinora
661 3190 841 3272 consiliaque
855 3203 994 3263 narraret,
1010 3203 1040 3252 et
1053 3203 1149 3252 totam
1162 3187 1318 3250 fabulam
1310 3207 1368 3249 ram
1388 3205 1404 3248 a

313 3289 359 3341 tot
372 3277 559 3360 scriptoribus
571 3279 706 3341 traditam
720 3278 980 3361 complecteretur;
1000 3292 1087 3362 atque
1107 3297 1144 3340 ex
1165 3276 1219 3340 hac
1233 3277 1295 3360 ipsa
1308 3293 1404 3338 rerum

313 3380 460 3450 gestarum
472 3367 547 3429 serie
561 3369 644 3451 quasi
658 3365 780 3430 lortuito
795 3367 828 3431 fit
842 3383 1014 3430 cunctamm
1027 3367 1158 3450 partium
1166 3384 1337 3430 consensus.

351 3455 479 3518 Multum
493 3467 591 3518 autem
599 3469 770 3537 argumento
781 3456 840 3519 iam
853 3458 961 3519 totiens
972 3470 1127 3519 retractato
1138 3454 1275 3518 Valerius
1282 3453 1402 3529 addidit,

313 3556 343 3606 et
355 3544 576 3627 quodammodo
590 3544 625 3605 ad
640 3545 807 3607 recentioris
820 3546 921 3608 aetatis
935 3560 1027 3608 artem
1040 3544 1174 3620 accessit,
1194 3563 1306 3606 nouam
1326 3542 1402 3604 uiam

311 3630 469 3716 ingressus,
489 3651 559 3695 cnm
577 3631 680 3695 Medae
699 3631 787 3710 illius,
805 3652 940 3717 sagarum
959 3633 1189 3735 potentissimae,
1210 3632 1355 3715 podorem
1374 3641 1404 3691 et

313 3733 489 3803 conceptum
501 3739 633 3782 amorem
650 3734 680 3783 et
697 3722 835 3784 timorem
854 3736 883 3785 et
902 3721 1061 3802 cupiditate
1085 3721 1176 3784 mixta
1198 3719 1337 3783 desideria
1354 3736 1404 3779 ex·

313 3809 431 3890 pressim
445 3802 612 3871 Romanum
625 3809 703 3871 enim
716 3808 866 3892 ingenium
884 3809 919 3872 ad
943 3807 1174 3892 magnitudinem
1197 3809 1296 3891 potius
1315 3825 1403 3891 quam

313 3895 351 3958 ad
362 3896 550 3970 subtilitatem
563 3915 690 3979 pronum
703 3910 808 3999 sponte
825 3917 879 3959 sua
903 3895 1093 3980 sequebatur;
1108 3895 1270 3978 Vergilium
1283 3913 1403 3979 qnoque

236 4063 238 4066 Ι
281 4025 285 4031 -
307 3983 901 4086 inexemplumadsnmebat,cu1ustamen
911 3983 1081 4066 leporemet
1090 3981 1403 4046 dulcedmemetmrse·

311 4069 436 4144 ricordia
448 4069 567 4154 plenam
580 4072 710 4134 ιιιίιιιιιιιι
723 4089 783 4134 non
797 4071 837 4134 ita
849 4069 993 4157 effingere
1001 4086 1125 4135 conatus
1137 4083 1193 4137 est.
1209 4069 1302 4134 Cuius
1321 4087 1403 4155 prae·

314 4203 522 4227 ...ἠδ-ιιι..-

340 4283 360 4318 ι.
368 4272 396 4320 v.
405 4274 539 4329 warenae,
547 4283 580 4333 sp.
590 4274 659 4332 laad„
667 4275 705 4334 qai
714 4276 770 4322 uad.
778 4275 895 4321 limant
904 4275 1050 4321 mesia·
1058 4273 1159 4333 potua
1170 4313 1177 4323 .
