2970 4802
551 233 769 304 ,79-

287 363 335 424 lile
348 365 460 442 [Pelles]
473 383 563 424 meum
579 369 698 440 imperils
712 375 791 440 urget
802 375 890 438 caput,
906 361 950 422 ille
964 362 1068 422 labores

286 439 339 494 Dat
352 441 449 508 uarios,
463 455 528 496 suus
541 450 570 495 ut
583 455 713 512 magnum
729 455 773 494 rex
786 440 887 510 spargit
899 436 932 492 ab
946 435 1026 509 Argis

287 506 411 577 Alciden,
426 508 555 568 Sthenelo
569 509 625 583 ipse
636 520 717 566 satus.
733 507 837 564 Tamen
851 519 943 580 aspera
956 523 1050 582 regum

288 579 455 652 Perpetimur
469 581 542 654 luga,
557 597 606 636 nee
621 579 718 668 melior
731 593 821 652 parere
836 593 939 634 recuso
983 649 989 662 Ι

192 687 196 699 ·
287 649 402 808 llll:
415 646 1005 808 lirilffiilffiiilllffllllilffl‘m
1114 771 1116 776 ,

287 789 337 858 Sat,
352 807 455 864 precor,
470 791 535 850 haee
550 796 690 867 meritique
703 791 788 877 loeus,
803 791 874 864 quod
891 793 961 847 iussa
974 788 1060 864 recepi

287 860 380 950 Tequp
392 862 485 933 allum,
518 879 580 919 uam
594 880 674 940 quem
686 862 777 950 'Peius
789 872 928 935 speratque
942 863 1078 936 eupltque,

286 933 401 990 Promrsl
416 947 442 990 et
456 951 501 990 me
511 950 568 992 rora
580 947 641 990 tuae
654 933 722 990 mrlrr
737 931 843 990 ioedera
855 934 1014 990 destrae.....

286 1003 338 1060 Sed
352 1021 397 1061 sne
409 1005 480 1060 nuda
494 1004 559 1062 lides
571 1007 706 1092 sancthue
720 1007 837 1078 potentia
852 1005 912 1090 lusti

287 1073 464 1220 lium
473 1077 563 1204 ui*
574 1074 951 1219 mirrensium.

114 1321 199 1396 Quae
219 1317 337 1404 quidem
357 1321 452 1400 Argus
472 1307 549 1402 apud
570 1319 760 1403 Apollonium
782 1317 898 1381 breuius
918 1306 1117 1403 significabat,
1138 1335 1207 1380 cum

113 1405 317 1477 humilioribus
331 1406 426 1470 uerbis
440 1407 476 1470 ad
490 1409 567 1492 regie
581 1407 761 1471 mouendam
780 1405 1008 1472 misericordiam
1029 1419 1158 1470 uteretur
1177 1417 1207 1469 et

114 1496 230 1560 dulcem
254 1496 364 1558 lasonis
385 1497 514 1559 animum
534 1495 665 1560 laudaret
687 1517 790 1580 seque,
813 1495 881 1560 naui
904 1495 1022 1573 amissa,
1046 1494 1208 1579 benignos

113 1585 227 1649 Graeco
243 1583 360 1667 hospite
373 1598 523 1667 receptum
537 1595 743 1650 memorarev.
864 1641 866 1646 .

151 1673 260 1736 Eadem
284 1671 345 1736 iere
366 1671 403 1736 de
425 1675 532 1737 Aeetae
553 1673 700 1756 responsis
720 1672 777 1736 dici
798 1683 933 1756 possunt.
955 1672 1056 1748 Quem
1078 1671 1208 1735 Graecus
1332 1695 1334 1699 ·

113 1765 238 1846 scriptor
252 1763 432 1825 saeuientem
447 1762 610 1839 induxerat,
624 1761 740 1826 Barbari
761 1763 862 1836 instar,
883 1773 911 1830 et
931 1759 989 1824 ian
1010 1759 1208 1824 erudelissima

111 1850 252 1936 supplicia
264 1851 441 1934 Argonautis
454 1865 662 1930 ostentantem,
677 1852 772 1914 immo
787 1870 844 1913 una
856 1848 951 1912 lutere
964 1863 993 1912 et
1007 1847 1136 1914 deridere
1157 1869 1210 1912 au·

48 1979 53 1986 ·
113 1939 260 2006 denteml.
287 1941 319 2003 ln
340 1939 444 2003 latino
465 1954 563 2004 autem
584 1953 733 2024 poemate,
755 1941 818 2004 eius
841 1939 964 2002 astutiae
986 1951 1016 2002 et
1035 1938 1207 2002 immanitati
1282 1959 1286 1969 ·

112 2029 192 2116 regia
207 2030 343 2093 maiestas
357 2049 410 2112 par
422 2027 538 2093 uidetur
550 2049 630 2108 esse;
646 2049 715 2093 uere
729 2031 807 2092 enim
821 2027 961 2090 Barbarus
975 2027 1098 2105 exsistit,
1113 2041 1209 2092 exter·
1248 2025 1254 2033 ’
1345 2013 1348 2020 ’

112 2120 156 2182 nis
170 2119 298 2202 primum
312 2116 447 2202 gentibus
460 2119 590 2182 infensus
602 2133 632 2181 et
646 2131 746 2182 tamen
765 2116 915 2179 blanditias
935 2128 966 2178 et
985 2115 1085 2178 laudes
1105 2135 1218 2179 sunau·-

110 2207 173 2270 lans
186 2221 219 2270 ut
227 2209 468 2288 ¹Argonautarum¹
486 2207 619 2270 fauorem
638 2208 668 2269 in
690 2207 806 2268 hostem
826 2205 943 2267 fratrem
965 2203 1020 2268 sibi
1039 2201 1223 2280 conciliem,

111 2294 161 2360 sed
175 2294 256 2358 breui
270 2294 380 2358 eisdem
393 2297 462 2358 uiris
476 2296 526 2378 qui
540 2314 633 2379 nuper
645 2296 672 2357 ei
686 2296 789 2378 ingens
803 2292 943 2356 auxilium
957 2291 987 2354 in
1000 2291 1119 2356 fratrem
1132 2289 1209 2356 tule-

111 2399 178 2449 runt
198 2386 327 2470 ingratus
345 2398 379 2445 =et
399 2383 535 2445 ferociter
551 2385 698 2457 iuimicus,
719 2383 857 2467 denique,
878 2381 1012 2465 quamuis
1032 2381 1157 2466 prudeus
1177 2393 1208 2444 et
1266 2461 1270 2467 Δ

111 2471 203 2550 uafer,
218 2474 248 2536 in
262 2471 468 2535 immoderatas
482 2471 574 2535 minas
587 2471 693 2542 leuiter
706 2471 911 2534 elleruescens.

112 2712 117 2728 ,
138 2669 144 2681 '
216 2653 290 2710 Orbe
303 2664 373 2708 satos
387 2651 451 2722 alio,
465 2669 513 2709 sua
529 2653 606 2710 litora
618 2670 753 2728 regnaque
766 2653 901 2721 habentes,

215 2723 285 2790 Quis
300 2722 374 2779 luror
387 2724 434 2780 has
447 2724 542 2780 mediis
555 2735 596 2780 tot
609 2723 733 2781 fluctibus
747 2741 762 2780 e
782 2724 802 2780 't
816 2727 842 2779 in
857 2739 927 2791 oras,
1034 2789 1037 2796 ¹

216 2795 320 2860 Quisue
335 2795 388 2848 mei
403 2810 453 2850 uos
466 2805 554 2850 tantus
568 2795 664 2850 amori
677 2795 720 2852 Tu
734 2810 752 2867 p
776 2811 820 2850 ma
834 2793 967 2850 malorum

215 2864 303 2920 Causa
315 2863 392 2931 mihi,
407 2875 446 2930 tu,
462 2863 559 2922 Phrlre
570 2880 661 2937 gener.
677 2865 740 2921 Non
753 2877 780 2920 te
792 2879 909 2992 aezuore
923 2880 1042 2921 mersum

135 2951 146 2980 s
215 2933 281 3000 Quo
295 2950 381 3002 soror,
397 2948 425 2991 ut
440 2933 502 2990 iellr
515 2933 604 2992 nullos
617 2951 689 2991 nune
702 2934 813 2990 nomine
852 2937 922 2992 talos
1114 2991 1115 2996 ,
1198 2979 1208 2990 .

214 3005 328 3062 Nossem
375 3005 411 3061 ol
427 3006 498 3072 Quis
512 3022 608 3080 regum
623 3005 717 3074 l’elias,
733 3007 793 3079 quis
805 3003 950 3062 Thessalus
962 3016 1008 3062 aut
1021 3021 1089 3082 quae
1101 3023 1104 3029 ’
1159 3025 1162 3034 ·

203 3075 345 3134 -Graeciai
388 3075 506 3132 uodnam
521 3076 665 3133 hominum
679 3093 760 3134 cerno
828 3073 880 3132 usi
893 3087 939 3132 aut
952 3075 998 3133 ubl
1012 3087 1102 3134 cautes

122 3157 124 3162 '
215 3145 714 3220 Cyaneaeivenltscvthleasenhos
732 3163 762 3204 es
817 3144 927 3205 orasl...
1151 3163 1155 3174 ’

214 3165 882 3365 nisurmmrulnn
957 3252 965 3260 ··

213 3359 494 3434 rnm0,1ueru....‚
882 3329 891 3356 ’

124 3623 130 3640 ι
148 3533 188 3598 lbi
203 3556 338 3623 magnam
350 3537 459 3622 ingenii
478 3535 540 3600 uim
558 3511 838 3612 inesse-fatebimur,¹
855 3537 899 3600 lia
919 3534 979 3600 hoc
999 3533 1120 3642 colligas
1140 3553 1205 3642 ora:

110 3626 655 3778 {mipffiffilassffliamm
668 3626 842 3710 grauitatem
856 3638 885 3740 et
894 3623 1078 3745 splendidum
1091 3623 1204 3756 dieendr

109 3921 465 4020 ,ssfssffgf'fl‘im'l'
482 3927 584 3980 utn—
597 3921 633 3967 ⁰¹·
715 3921 1042 3982 a·¹··¹1¹·as⁶····r⁰s····rs·

272 3987 409 4034 ‘'dilw-
709 3993 931 4050 4.var..1rpn.,v,
942 4005 1058 4058 nm„

134 4051 394 4128 s.l'sosa.trpn.',tlll,
405 4075 444 4120 ‚aa
451 4076 499 4122 sqq.
577 4135 583 4146 ι
710 4060 840 4118 5.lo'.,l'll,
852 4073 875 4120 ,ς
885 4061 1098 4134 flammati.
1109 4051 1195 4136 papis
