2996 4792
139 436 157 520 s
179 456 207 500 2.
230 469 270 483 -
292 433 412 516 Saepius
435 434 524 516 igitur
546 431 689 508 Valerius,
710 431 814 494 Graeci
831 443 936 514 poetae
954 429 1026 493 liber
1042 429 1192 511 interpres,

102 527 200 590 omnia
220 522 256 585 ad
277 523 384 604 ingenii
405 523 450 584 sui
470 540 603 584 normam
622 519 738 603 redigit,
759 531 791 581 ut
805 538 883 581 noua
897 537 961 581 esse
974 517 1106 580 uideatur
1119 517 1193 580 ratio

101 633 158 698 qua
172 631 216 674 res
230 611 293 672 siue
306 609 508 694 depingantur,
524 609 587 671 siue
601 607 779 670 ordinentur.
796 607 926 669 Primum
940 605 976 668 ad
990 605 1047 667 alta
1061 617 1191 680 euectus,

101 721 154 766 nec
174 699 330 784 quicquam
350 697 405 760 nisi
424 697 553 782 ingentia
574 708 604 759 et
622 694 777 778 magnifica
795 707 825 758 et
838 693 986 777 splendida
999 707 1100 756 mente
1112 713 1194 756 com·

100 790 212 874 plexus,
234 785 354 850 allectus
375 804 478 868 graues
498 785 685 870 potissimum
705 785 844 848 concitat.
868 784 968 859 Quare
989 780 1124 845 libentius
1142 801 1194 845 eoa

100 879 182 942 locos
196 875 320 960 explicat
334 871 384 938 ubi
397 873 470 938 tales
483 893 587 937 sensus
600 873 636 935 ab
650 871 810 956 Apollonio
830 870 1048 935 exhibebantur.
1064 871 1208 948 Nemini,
1301 897 1307 908 =

102 965 262 1030 dummodo
281 964 400 1029 Graecis
418 963 519 1026 litteris
537 963 666 1026 imbutus
685 962 734 1037 sit,
749 981 765 1024 e
778 961 920 1025 memoria
934 961 1102 1025 exciderunt
1115 959 1193 1023 Alci·

101 1055 184 1118 mede
195 1073 264 1117 cum
277 1049 338 1117 filio
353 1052 489 1116 ultimum
503 1052 684 1136 colloquium
699 1050 807 1114 babens
821 1065 851 1113 et
864 1051 941 1113 idem
956 1051 1043 1113 beros
1057 1049 1193 1112 Lemniae

101 1141 276 1226 Hypsipylae
295 1161 464 1224 supremum
483 1141 547 1203 uale
569 1140 679 1216 dicens,
704 1153 732 1202 et
754 1151 854 1222 raptus
874 1159 891 1200 c
910 1138 1056 1223 Nympha,
1078 1137 1193 1200 furente

101 1229 235 1306 Hercule,
254 1247 327 1313 puer
347 1229 448 1313 Hylas,
470 1240 500 1292 et
520 1208 606 1290 lason
626 1227 785 1312 Medeaque
805 1246 898 1311 prope
912 1229 1036 1290 Hecates
1049 1226 1192 1309 templum

100 1321 224 1381 interae
244 1317 393 1380 communi
414 1315 471 1380 lide
491 1317 715 1400 obstringentes,
737 1327 768 1378 et
787 1319 974 1398 Argonautae
993 1334 1045 1399 per
1061 1315 1193 1398 Cyaneae

101 1424 185 1490 rupes
205 1407 284 1470 uiam
304 1404 358 1468 sibi
378 1405 550 1486 aperientes.
574 1403 634 1466 lllic
654 1402 747 1466 multa
767 1403 886 1467 Latinus
907 1416 995 1486 poeta
1014 1401 1191 1478 reuectauit,

101 1493 181 1578 plura
195 1495 283 1556 ctiam
296 1493 417 1557 addidit.
734 1518 739 1530 ·
1255 1495 1257 1499 ’
1290 1550 1293 1555 .

137 1581 311 1664 Apollonius
330 1600 499 1664 supremum
517 1578 681 1643 Alcimedes
699 1593 729 1641 et
747 1579 858 1642 lasonis
875 1577 1058 1665 colloquium
1075 1579 1105 1641 in
1120 1578 1194 1642 banc
1302 1625 1305 1631 Α

101 1671 197 1753 operis
211 1684 321 1752 partem
343 1671 474 1747 inseruit,
489 1669 539 1732 ubi
559 1668 681 1732 heroem
704 1667 834 1752 depingit
854 1687 871 1732 e
891 1671 982 1751 patria
997 1667 1100 1745 domo,
1114 1679 1195 1730 entra

100 1758 177 1820 urbis
200 1759 317 1821 moenia
339 1759 393 1820 sita
418 1771 574 1820 exeuntem
598 1770 627 1818 et
649 1757 685 1820 ad
707 1771 827 1840 portum
850 1756 1084 1820 descendentem.
1108 1752 1194 1839 Apud

100 1845 246 1908 Valerium
266 1859 364 1908 autem
383 1845 413 1906 in
433 1845 531 1921 litore,
552 1843 716 1909 albescente
730 1844 787 1921 die,
809 1858 903 1908 mater
921 1844 1056 1928 filiusque
1074 1843 1194 1908 ultimos
1296 1859 1300 1868 ’
1342 1903 1343 1908 ,

99 1934 174 1996 inter
193 1953 224 1995 se
245 1932 314 1996 dant
334 1930 498 2015 amplexus,
516 1932 587 1995 dum
605 1945 708 1996 naume
728 1934 827 1996 omnia
844 1932 882 1995 ad
901 1933 1052 2017 nauigium
1075 1951 1194 2015 compa·
1230 2001 1232 2008 ,
1264 2017 1270 2024 ¹
1315 1947 1316 1951 ’

33 2083 35 2087 ,
100 2035 163 2084 rant
189 2015 219 2083 et
247 2021 305 2083 iam
332 2022 398 2085 uela
426 2019 557 2106 pandunt
583 2040 679 2104 neque
705 2023 864 2106 quicquam
886 2022 943 2084 nisi
965 2021 1050 2084 tubae
1073 2020 1194 2105 clangor

101 2122 292 2190 exspectatur.
304 2110 380 2172 Hinc
394 2110 638 2172 commendantur
651 2129 696 2172 res
709 2123 739 2172 et
753 2129 905 2191 personae,
921 2109 989 2172 hinc
1003 2110 1098 2172 maius
1111 2107 1193 2194 quid·
1229 2146 1253 2196 ·.

81 2197 85 2204 '
101 2215 156 2278 que
174 2197 363 2279 conspicitur.
382 2197 522 2258 Naturam
540 2216 608 2259 sane
627 2210 660 2259 ut
681 2197 718 2258 ad
737 2198 956 2260 similitudinem
974 2195 1193 2281 effingitApol·

100 2283 206 2358 lonius,
221 2285 261 2345 ita
280 2285 412 2347 ornando
430 2283 587 2365 amplificat
600 2284 742 2347 Valerius.
759 2283 914 2359 Quaedam
928 2297 1027 2347 autem
1041 2282 1192 2347 noualeli-
1255 2283 1258 2290 ⁴
1376 2277 1379 2284 ’

101 2371 171 2434 citer
183 2370 296 2448 attulit;
311 2391 417 2454 nempe
431 2373 559 2435 Graecus
573 2385 662 2454 poeta
674 2372 842 2436 Alcimeden
855 2373 1009 2436 induxerat
1017 2373 1054 2436 de
1063 2371 1191 2436 solitaria

100 2459 159 2520 uita
178 2458 382 2522 lamentantem
404 2480 502 2544 quam,
525 2459 587 2522 filio
606 2461 643 2522 ad
665 2462 775 2523 incerta
796 2461 854 2523 lata
877 2461 1090 2544 proficiscente,
1116 2473 1193 2522 esset

100 2557 376 2695 :aggrassbffiime
387 2561 556 2629 querentem
567 2547 648 2630 quod
658 2567 719 2609 non
728 2563 813 2610 antea
823 2546 968 2610 obliuiosa
977 2547 1082 2610 mortis
1092 2547 1191 2632 quiete

307 2815 359 2870 αἴθ’
374 2814 388 2872 ὅ
406 2818 463 2873 aloa
477 2818 537 2873 κεῖν’
552 2809 630 2893 ἦμαρ,
645 2813 685 2873 ὅτ’
700 2812 836 2882 ἓξειπόντος
850 2815 944 2873 ἄκουσα

309 2889 378 2958 δειλὴ
392 2889 441 2976 cyri
456 2889 554 2946 Helico
569 2889 644 2958 κακὴν
659 2889 777 2961 βασιλῆος
791 2885 905 2962 iyttybs,

307 2957 386 3014 αὐτίκ’
403 2957 452 3014 and
465 2961 546 3048 clugia
580 2961 671 3033 alipta,
688 2959 782 3028 nolimu
793 2978 820 3014 τι
835 2960 949 3016 belisiae
952 3003 1006 3020 .....

307 3035 347 3084 νῦν
361 3049 389 3101 γι
421 3029 446 3084 lv
459 3032 474 3098 ly
489 3049 517 3085 eo
531 3049 548 3084 at
566 3031 645 3102 potita
660 3028 851 3102 Ἀχαιϊάδισσιν
866 3028 944 3102 &ypsi

307 3101 385 3172 optule
399 3052 466 3160 dame
480 3109 582 3155 mutator
598 3097 741 3174 lalalyopar
755 3095 780 3152 ia
792 3099 945 3224 gtyypoteta,

306 3178 359 3223 aeto
372 3167 442 3240 πόθῳ
475 3171 589 3226 teilousa
604 3169 666 3225 duod
704 3186 809 3244 spongo
855 3169 973 3240 emolliit

307 3234 414 3360 dylalnr
427 3191 473 3292 nai
481 3241 553 3302 κῦδος
567 3239 626 3311 ἶχον
639 3259 658 3294 at
676 3257 727 3310 ρος,
743 3236 765 3313 ᾧ
779 3241 819 3296 let
831 3241 917 3313 pudsey

305 3325 394 3381 ptpna
407 3312 504 3378 πρῶτον
517 3309 594 3363 lluoa
607 3311 648 3364 eei
660 3311 763 3364 lesmor
765 3351 817 3368 .....

137 3478 217 3541 Nihil
236 3481 344 3557 uerius,
365 3479 437 3543 nibil
458 3481 618 3564 simplicius
640 3483 801 3566 excogitari
823 3496 931 3565 potest.
954 3485 1059 3547 Acrior
1080 3498 1191 3557 autem,

101 3567 234 3645 quamuis
247 3586 306 3629 non
320 3567 359 3628 ita
372 3568 488 3630 ueritati
501 3568 736 3643 accommodata,
747 3570 797 3632 sed
812 3571 965 3634 concitatis
979 3583 1009 3632 et
1021 3570 1192 3634 sublimibus

6 3703 7 3730 2
83 3653 86 3660 ’
101 3649 250 3715 affectibus
263 3652 346 3736 plena
358 3654 485 3733 uidetur,
496 3658 573 3738 apud
581 3657 739 3732 Valerium,
749 3656 914 3721 Alcimedes
923 3657 1093 3722 lamentatio
1103 3680 1112 3736 ς
1121 3656 1194 3721 nibil

6 3737 7 3768 l
101 3739 178 3800 enim
197 3740 235 3804 de
253 3760 286 3804 se
304 3741 390 3805 anaia
409 3756 465 3820 est,
488 3762 583 3828 neque
604 3746 759 3829 quicquam
779 3745 835 3808 nisi
848 3745 988 3810 carissimi
1002 3745 1054 3810 lilii
1067 3744 1193 3829 pericula

6 3849 7 3878 l
100 3844 197 3890 secum
218 3829 249 3891 in
269 3830 368 3893 animo
388 3845 503 3909 uersat;
525 3833 617 3896 immo
637 3831 872 3916 praeclarissimis
891 3835 1001 3898 Iasonis
1019 3834 1194 3898 facinoribus

128 4083 147 4115 r.
158 4070 194 4116 cl.
204 4073 395 4128 Rauennatem,
405 4077 437 4119 De
446 4057 559 4133 Apollonii
569 4037 645 4121 emit
654 4077 809 4134 arpa-anu,
819 4077 892 4124 tbasln
903 4080 968 4134 l‘arle,
979 4082 1045 4136 rtya,¹
1052 4093 1073 4138 y.
1082 4081 1116 4134 14.
1129 4077 1192 4136 [Alet-

100 4123 168 4180 rneda]
176 4137 215 4168 aee
223 4125 316 4171 iatumrn
325 4129 364 4172 illi
370 4129 459 4185 giorum
472 4131 559 4186 cogitat,
573 4142 642 4187 napea
655 4141 707 4174 uota
721 4143 760 4189 pre
772 4133 819 4174 elas
831 4131 899 4176 alate
906 4142 936 4176 vet
943 4133 1012 4177 redite
1021 4141 1135 4190 semper,
1145 4141 1193 4175 tate

101 4175 172 4274 {¹22⁰
181 4179 203 4221 la
212 4183 316 4236 mal
325 4182 399 4226 dolus
405 4193 496 4227 uuas.
505 4203 533 4217 -
540 4184 621 4228 Areae.
628 4183 719 4240 Argao„
729 4185 747 4236 l,
757 4187 804 4240 apt.
814 4185 856 4230 las
865 4195 958 4230 muas
964 4197 1047 4244 sysarae
1053 4197 1092 4240 acy
1098 4193 1192 4243 uptus
