<?xml version="1.0" encoding="UTF-8"?>
<!DOCTYPE html PUBLIC "-//W3C//DTD XHTML 1.0 Transitional//EN"
    "http://www.w3.org/TR/xhtml1/DTD/xhtml1-transitional.dtd">
<html xmlns="http://www.w3.org/1999/xhtml" xml:lang="en" lang="en">
 <head>
  <title>
</title>
<meta http-equiv="Content-Type" content="text/html;charset=utf-8" />
  <meta name='ocr-system' content='tesseract 3.04.00' />
  <meta name='ocr-capabilities' content='ocr_page ocr_carea ocr_par ocr_line ocrx_word'/>
</head>
<body>
  <div class='ocr_page' id='page_1' title='image "./devalerioflacco00harmgoog_0086.png"; bbox 0 0 2970 4802; ppageno 0'>
   <div class='ocr_carea' id='block_1_1' title="bbox 708 225 924 312">
    <p class='ocr_par' dir='ltr' id='par_1_1' title="bbox 708 225 924 312">
     <span class='ocr_line' id='line_1_1' title="bbox 708 225 924 312; baseline 0 -36"><span class='ocrx_word' id='word_1_1' title='bbox 708 225 924 312; x_wconf 68' lang='lat'>„58-</span> 
     </span>
    </p>
   </div>
   <div class='ocr_carea' id='block_1_2' title="bbox 275 373 1361 462">
    <p class='ocr_par' dir='ltr' id='par_1_2' title="bbox 275 373 1361 462">
     <span class='ocr_line' id='line_1_2' title="bbox 275 373 1361 462; baseline -0.002 -20"><span class='ocrx_word' id='word_1_2' title='bbox 275 379 368 462; x_wconf 79' lang='lat' dir='ltr'>pinxit</span> <span class='ocrx_word' id='word_1_3' title='bbox 379 375 550 442; x_wconf 78' lang='lat' dir='ltr'>carminibus</span> <span class='ocrx_word' id='word_1_4' title='bbox 563 375 682 440; x_wconf 88' lang='lat' dir='ltr'>draconi</span> <span class='ocrx_word' id='word_1_5' title='bbox 696 373 799 440; x_wconf 88' lang='lat' dir='ltr'>oculos</span> <span class='ocrx_word' id='word_1_6' title='bbox 813 373 1027 450; x_wconf 88' lang='lat' dir='ltr'>occludentem,</span> <span class='ocrx_word' id='word_1_7' title='bbox 1041 385 1075 438; x_wconf 89' lang='lat' dir='ltr'>ut</span> <span class='ocrx_word' id='word_1_8' title='bbox 1089 373 1173 438; x_wconf 84' lang='lat' dir='ltr'>lason</span> <span class='ocrx_word' id='word_1_9' title='bbox 1187 393 1277 438; x_wconf 87' lang='lat' dir='ltr'>aureo</span> <span class='ocrx_word' id='word_1_10' title='bbox 1298 373 1361 440; x_wconf 87' lang='lat' dir='ltr'>uel-</span> 
     </span>
    </p>
   </div>
   <div class='ocr_carea' id='block_1_3' title="bbox 161 462 1359 550">
    <p class='ocr_par' dir='ltr' id='par_1_3' title="bbox 161 462 1359 550">
     <span class='ocr_line' id='line_1_3' title="bbox 161 462 1359 550; baseline -0.002 -21"><span class='ocrx_word' id='word_1_11' title='bbox 161 504 167 510; x_wconf 94' lang='lat'>-</span> <span class='ocrx_word' id='word_1_12' title='bbox 275 467 333 529; x_wconf 91' lang='lat' dir='ltr'>lere</span> <span class='ocrx_word' id='word_1_13' title='bbox 347 467 499 550; x_wconf 86' lang='lat' dir='ltr'>potiretur,</span> <span class='ocrx_word' id='word_1_14' title='bbox 509 463 616 547; x_wconf 87' lang='lat' dir='ltr'>ingenii</span> <span class='ocrx_word' id='word_1_15' title='bbox 626 465 670 527; x_wconf 89' lang='lat' dir='ltr'>sui</span> <span class='ocrx_word' id='word_1_16' title='bbox 680 465 739 526; x_wconf 91' lang='lat' dir='ltr'>uim</span> <span class='ocrx_word' id='word_1_17' title='bbox 748 477 778 524; x_wconf 85' lang='lat' dir='ltr'>et</span> <span class='ocrx_word' id='word_1_18' title='bbox 787 462 971 546; x_wconf 87' lang='lat' dir='ltr'>splendorem</span> <span class='ocrx_word' id='word_1_19' title='bbox 981 463 1173 546; x_wconf 81' lang='lat' dir='ltr'>exprompsit.</span> <span class='ocrx_word' id='word_1_20' title='bbox 1183 462 1359 547; x_wconf 73' lang='lat' dir='ltr'>Apollonius</span> 
     </span>
    </p>
   </div>
   <div class='ocr_carea' id='block_1_4' title="bbox 273 549 1372 1513">
    <p class='ocr_par' dir='ltr' id='par_1_4' title="bbox 273 549 1372 1513">
     <span class='ocr_line' id='line_1_4' title="bbox 275 549 1372 638; baseline -0.007 -22"><span class='ocrx_word' id='word_1_21' title='bbox 275 557 353 616; x_wconf 87' lang='lat' dir='ltr'>enim</span> <span class='ocrx_word' id='word_1_22' title='bbox 365 554 402 616; x_wconf 87' lang='lat' dir='ltr'>de</span> <span class='ocrx_word' id='word_1_23' title='bbox 415 572 501 638; x_wconf 83' lang='lat' dir='ltr'>sagae</span> <span class='ocrx_word' id='word_1_24' title='bbox 513 549 639 615; x_wconf 79' lang='lat' dir='ltr'>artificiis</span> <span class='ocrx_word' id='word_1_25' title='bbox 652 570 753 635; x_wconf 83' lang='lat' dir='ltr'>parum</span> <span class='ocrx_word' id='word_1_26' title='bbox 767 551 907 636; x_wconf 89' lang='lat' dir='ltr'>loquitur,</span> <span class='ocrx_word' id='word_1_27' title='bbox 923 567 1017 636; x_wconf 86' lang='lat' dir='ltr'>neque</span> <span class='ocrx_word' id='word_1_28' title='bbox 1037 551 1193 634; x_wconf 89' lang='lat' dir='ltr'>quicquam</span> <span class='ocrx_word' id='word_1_29' title='bbox 1213 551 1372 614; x_wconf 84' lang='lat' dir='ltr'>eiusmodi.</span> 
     </span>
     <span class='ocr_line' id='line_1_5' title="bbox 275 639 1360 726; baseline -0.001 -21"><span class='ocrx_word' id='word_1_30' title='bbox 275 641 334 705; x_wconf 83' lang='lat' dir='ltr'>lere</span> <span class='ocrx_word' id='word_1_31' title='bbox 346 641 440 726; x_wconf 84' lang='lat' dir='ltr'><strong>pingit</strong></span> <span class='ocrx_word' id='word_1_32' title='bbox 453 641 506 703; x_wconf 85' lang='lat' dir='ltr'>uisi</span> <span class='ocrx_word' id='word_1_33' title='bbox 526 641 666 724; x_wconf 83' lang='lat' dir='ltr'>serpentis</span> <span class='ocrx_word' id='word_1_34' title='bbox 685 639 846 702; x_wconf 84' lang='lat' dir='ltr'>horrendos</span> <span class='ocrx_word' id='word_1_35' title='bbox 861 639 974 716; x_wconf 88' lang='lat' dir='ltr'>sibilos,</span> <span class='ocrx_word' id='word_1_36' title='bbox 988 639 1039 723; x_wconf 84' lang='lat' dir='ltr'>qui</span> <span class='ocrx_word' id='word_1_37' title='bbox 1061 639 1197 703; x_wconf 85' lang='lat' dir='ltr'>omnibus</span> <span class='ocrx_word' id='word_1_38' title='bbox 1217 650 1360 704; x_wconf 86' lang='lat' dir='ltr'>terrorem</span> 
     </span>
     <span class='ocr_line' id='line_1_6' title="bbox 275 723 1362 811; baseline 0 -20"><span class='ocrx_word' id='word_1_39' title='bbox 275 730 428 806; x_wconf 89' lang='lat' dir='ltr'>incutiunt,</span> <span class='ocrx_word' id='word_1_40' title='bbox 442 742 473 791; x_wconf 90' lang='lat' dir='ltr'>et</span> <span class='ocrx_word' id='word_1_41' title='bbox 485 729 576 811; x_wconf 87' lang='lat' dir='ltr'>magis</span> <span class='ocrx_word' id='word_1_42' title='bbox 589 728 737 811; x_wconf 83' lang='lat' dir='ltr'>magisque</span> <span class='ocrx_word' id='word_1_43' title='bbox 751 726 846 790; x_wconf 86' lang='lat' dir='ltr'>lentos</span> <span class='ocrx_word' id='word_1_44' title='bbox 860 739 969 803; x_wconf 86' lang='lat' dir='ltr'>motus,</span> <span class='ocrx_word' id='word_1_45' title='bbox 979 745 1048 789; x_wconf 90' lang='lat' dir='ltr'>cum</span> <span class='ocrx_word' id='word_1_46' title='bbox 1062 723 1157 804; x_wconf 89' lang='lat' dir='ltr'>belua,</span> <span class='ocrx_word' id='word_1_47' title='bbox 1173 747 1280 790; x_wconf 87' lang='lat' dir='ltr'>somno</span> <span class='ocrx_word' id='word_1_48' title='bbox 1294 747 1362 791; x_wconf 85' lang='lat' dir='ltr'>sen-</span> 
     </span>
     <span class='ocr_line' id='line_1_7' title="bbox 276 812 1358 900; baseline -0.002 -22"><span class='ocrx_word' id='word_1_49' title='bbox 276 817 331 878; x_wconf 89' lang='lat' dir='ltr'>sim</span> <span class='ocrx_word' id='word_1_50' title='bbox 342 816 459 892; x_wconf 77' lang='lat' dir='ltr'>cedens,</span> <span class='ocrx_word' id='word_1_51' title='bbox 474 815 559 878; x_wconf 91' lang='lat' dir='ltr'>orbes</span> <span class='ocrx_word' id='word_1_52' title='bbox 572 827 602 878; x_wconf 89' lang='lat' dir='ltr'>et</span> <span class='ocrx_word' id='word_1_53' title='bbox 621 833 754 900; x_wconf 85' lang='lat' dir='ltr'>squamas</span> <span class='ocrx_word' id='word_1_54' title='bbox 767 812 909 876; x_wconf 89' lang='lat' dir='ltr'>deuoluit.</span> <span class='ocrx_word' id='word_1_55' title='bbox 928 813 1007 876; x_wconf 86' lang='lat' dir='ltr'>Nihil</span> <span class='ocrx_word' id='word_1_56' title='bbox 1023 813 1083 876; x_wconf 88' lang='lat' dir='ltr'>illic</span> <span class='ocrx_word' id='word_1_57' title='bbox 1096 814 1219 878; x_wconf 88' lang='lat' dir='ltr'>nimium</span> <span class='ocrx_word' id='word_1_58' title='bbox 1232 813 1358 893; x_wconf 89' lang='lat' dir='ltr'>uidetur,</span> 
     </span>
     <span class='ocr_line' id='line_1_8' title="bbox 276 900 1361 988; baseline 0 -22"><span class='ocrx_word' id='word_1_59' title='bbox 276 923 343 966; x_wconf 87' lang='lat' dir='ltr'>uam</span> <span class='ocrx_word' id='word_1_60' title='bbox 355 916 442 988; x_wconf 83' lang='lat' dir='ltr'>poeta</span> <span class='ocrx_word' id='word_1_61' title='bbox 455 903 484 965; x_wconf 92' lang='lat' dir='ltr'>in</span> <span class='ocrx_word' id='word_1_62' title='bbox 498 903 566 985; x_wconf 86' lang='lat' dir='ltr'>ipsis</span> <span class='ocrx_word' id='word_1_63' title='bbox 580 903 717 966; x_wconf 84' lang='lat' dir='ltr'>monstris</span> <span class='ocrx_word' id='word_1_64' title='bbox 729 900 923 965; x_wconf 68' lang='lat' dir='ltr'>describendis</span> <span class='ocrx_word' id='word_1_65' title='bbox 937 920 1010 986; x_wconf 84' lang='lat' dir='ltr'>quae</span> <span class='ocrx_word' id='word_1_66' title='bbox 1020 901 1082 964; x_wconf 91' lang='lat' dir='ltr'>ueri</span> <span class='ocrx_word' id='word_1_67' title='bbox 1091 901 1312 986; x_wconf 84' lang='lat' dir='ltr'>quodammodo</span> <span class='ocrx_word' id='word_1_68' title='bbox 1321 903 1361 966; x_wconf 88' lang='lat' dir='ltr'>si-</span> 
     </span>
     <span class='ocr_line' id='line_1_9' title="bbox 276 987 1357 1094; baseline 0 -40"><span class='ocrx_word' id='word_1_69' title='bbox 276 991 354 1053; x_wconf 88' lang='lat' dir='ltr'>milia</span> <span class='ocrx_word' id='word_1_70' title='bbox 366 1003 434 1054; x_wconf 90' lang='lat' dir='ltr'>sunt</span> <span class='ocrx_word' id='word_1_71' title='bbox 446 989 567 1054; x_wconf 81' lang='lat' dir='ltr'>libenter</span> <span class='ocrx_word' id='word_1_72' title='bbox 579 989 671 1094; x_wconf 77' lang='lat' dir='ltr'>eligit.</span> <span class='ocrx_word' id='word_1_73' title='bbox 685 989 753 1092; x_wconf 81' lang='lat' dir='ltr'>Non</span> <span class='ocrx_word' id='word_1_74' title='bbox 766 1001 919 1092; x_wconf 72' lang='lat' dir='ltr'>tamquam</span> <span class='ocrx_word' id='word_1_75' title='bbox 929 987 1105 1072; x_wconf 87' lang='lat' dir='ltr'>ignisdraco</span> <span class='ocrx_word' id='word_1_76' title='bbox 1121 1003 1255 1071; x_wconf 67' lang='lat' dir='ltr'>apparat</span> <span class='ocrx_word' id='word_1_77' title='bbox 1269 1008 1357 1073; x_wconf 83' lang='lat' dir='ltr'>quem</span> 
     </span>
     <span class='ocr_line' id='line_1_10' title="bbox 275 1075 1360 1248; baseline 0 -19"><span class='ocrx_word' id='word_1_78' title='bbox 275 1092 362 1229; x_wconf 67' lang='lat' dir='ltr'>iii</span> <span class='ocrx_word' id='word_1_79' title='bbox 369 1078 666 1229; x_wconf 51' lang='lat' dir='ltr'>tibimiri:</span> <span class='ocrx_word' id='word_1_80' title='bbox 675 1075 1360 1248; x_wconf 59' lang='lat' dir='ltr'>i‘tiiiitiilt,iilillli&#39;iiiiiii</span> 
     </span>
     <span class='ocr_line' id='line_1_11' title="bbox 274 1250 1360 1336; baseline 0.001 -22"><span class='ocrx_word' id='word_1_81' title='bbox 274 1255 361 1316; x_wconf 87' lang='lat' dir='ltr'>etiam</span> <span class='ocrx_word' id='word_1_82' title='bbox 379 1256 474 1328; x_wconf 87' lang='lat' dir='ltr'>iason,</span> <span class='ocrx_word' id='word_1_83' title='bbox 488 1252 558 1315; x_wconf 90' lang='lat' dir='ltr'>dum</span> <span class='ocrx_word' id='word_1_84' title='bbox 572 1254 645 1314; x_wconf 87' lang='lat' dir='ltr'>mira</span> <span class='ocrx_word' id='word_1_85' title='bbox 658 1251 849 1314; x_wconf 76' lang='lat' dir='ltr'>delectatione</span> <span class='ocrx_word' id='word_1_86' title='bbox 858 1251 953 1313; x_wconf 82' lang='lat' dir='ltr'>arietis</span> <span class='ocrx_word' id='word_1_87' title='bbox 969 1250 1061 1314; x_wconf 91' lang='lat' dir='ltr'>uellus</span> <span class='ocrx_word' id='word_1_88' title='bbox 1075 1251 1230 1334; x_wconf 76' lang='lat' dir='ltr'>conspicit,</span> <span class='ocrx_word' id='word_1_89' title='bbox 1244 1253 1275 1315; x_wconf 91' lang='lat' dir='ltr'>in</span> <span class='ocrx_word' id='word_1_90' title='bbox 1288 1272 1360 1336; x_wconf 84' lang='lat' dir='ltr'>poe·</span> 
     </span>
     <span class='ocr_line' id='line_1_12' title="bbox 273 1337 1360 1424; baseline 0.001 -21"><span class='ocrx_word' id='word_1_91' title='bbox 273 1354 320 1403; x_wconf 89' lang='lat' dir='ltr'>tae</span> <span class='ocrx_word' id='word_1_92' title='bbox 332 1342 480 1424; x_wconf 81' lang='lat' dir='ltr'>ingenium</span> <span class='ocrx_word' id='word_1_93' title='bbox 492 1341 570 1402; x_wconf 91' lang='lat' dir='ltr'>illam</span> <span class='ocrx_word' id='word_1_94' title='bbox 584 1339 734 1402; x_wconf 85' lang='lat' dir='ltr'>cuiusdam</span> <span class='ocrx_word' id='word_1_95' title='bbox 747 1338 867 1420; x_wconf 88' lang='lat' dir='ltr'>uirginis</span> <span class='ocrx_word' id='word_1_96' title='bbox 882 1338 935 1401; x_wconf 91' lang='lat' dir='ltr'>sub</span> <span class='ocrx_word' id='word_1_97' title='bbox 954 1337 1070 1404; x_wconf 87' lang='lat' dir='ltr'>lucente</span> <span class='ocrx_word' id='word_1_98' title='bbox 1088 1339 1157 1402; x_wconf 90' lang='lat' dir='ltr'>luna</span> <span class='ocrx_word' id='word_1_99' title='bbox 1176 1341 1256 1404; x_wconf 89' lang='lat' dir='ltr'>uarie</span> <span class='ocrx_word' id='word_1_100' title='bbox 1276 1339 1360 1404; x_wconf 89' lang='lat' dir='ltr'>colo-</span> 
     </span>
     <span class='ocr_line' id='line_1_13' title="bbox 274 1427 952 1513; baseline -0.003 -21"><span class='ocrx_word' id='word_1_101' title='bbox 274 1443 365 1492; x_wconf 87' lang='lat' dir='ltr'>ratum</span> <span class='ocrx_word' id='word_1_102' title='bbox 377 1429 497 1513; x_wconf 86' lang='lat' dir='ltr'>pallium</span> <span class='ocrx_word' id='word_1_103' title='bbox 510 1427 676 1490; x_wconf 86' lang='lat' dir='ltr'>admirantis</span> <span class='ocrx_word' id='word_1_104' title='bbox 690 1428 847 1510; x_wconf 85' lang='lat' dir='ltr'>imaginem</span> <span class='ocrx_word' id='word_1_105' title='bbox 861 1427 952 1490; x_wconf 82' lang='lat' dir='ltr'>inicit.</span> 
     </span>
    </p>
   </div>
   <div class='ocr_carea' id='block_1_5' title="bbox 476 1612 1196 1972">
    <p class='ocr_par' dir='ltr' id='par_1_5' title="bbox 478 1612 1103 1760">
     <span class='ocr_line' id='line_1_14' title="bbox 481 1612 1103 1688; baseline 0 -19"><span class='ocrx_word' id='word_1_106' title='bbox 481 1613 527 1677; x_wconf 79' lang='grc' dir='ltr'>Ὧς</span> <span class='ocrx_word' id='word_1_107' title='bbox 541 1612 568 1669; x_wconf 73' lang='lat' dir='ltr'>il</span> <span class='ocrx_word' id='word_1_108' title='bbox 581 1612 710 1682; x_wconf 68' lang='lat' dir='ltr'>erinacius</span> <span class='ocrx_word' id='word_1_109' title='bbox 724 1615 748 1667; x_wconf 80' lang='lat' dir='ltr'>dr</span> <span class='ocrx_word' id='word_1_110' title='bbox 767 1615 871 1688; x_wconf 62' lang='lat' dir='ltr'>ogdoade</span> <span class='ocrx_word' id='word_1_111' title='bbox 884 1615 1000 1687; x_wconf 66' lang='lat' dir='ltr'>neptim</span> <span class='ocrx_word' id='word_1_112' title='bbox 1015 1613 1103 1688; x_wconf 70' lang='grc' dir='ltr'><strong>αἴγλην</strong></span> 
     </span>
     <span class='ocr_line' id='line_1_15' title="bbox 478 1632 1031 1760; baseline 0.002 -20"><span class='ocrx_word' id='word_1_113' title='bbox 478 1684 564 1759; x_wconf 65' lang='lat' dir='ltr'>bdellio</span> <span class='ocrx_word' id='word_1_114' title='bbox 576 1681 737 1758; x_wconf 59' lang='lat' dir='ltr'>iimigoosm</span> <span class='ocrx_word' id='word_1_115' title='bbox 748 1632 894 1760; x_wconf 61' lang='lat' dir='ltr'>impositu</span> <span class='ocrx_word' id='word_1_116' title='bbox 908 1684 972 1741; x_wconf 73' lang='lat' dir='ltr'>tait</span> <span class='ocrx_word' id='word_1_117' title='bbox 1008 1704 1031 1741; x_wconf 82' lang='lat' dir='ltr'>rc</span> 
     </span>
    </p>

    <p class='ocr_par' dir='ltr' id='par_1_6' title="bbox 478 1747 1053 1844">
     <span class='ocr_line' id='line_1_16' title="bbox 478 1747 1053 1844; baseline 0 -33"><span class='ocrx_word' id='word_1_118' title='bbox 478 1757 605 1829; x_wconf 65' lang='lat' dir='ltr'>lentullo»</span> <span class='ocrx_word' id='word_1_119' title='bbox 619 1755 682 1810; x_wconf 72' lang='lat' dir='ltr'>iem</span> <span class='ocrx_word' id='word_1_120' title='bbox 694 1753 838 1843; x_wconf 57' lang='lat' dir='ltr'>brologtrcr</span> <span class='ocrx_word' id='word_1_121' title='bbox 853 1768 861 1785; x_wconf 86' lang='lat'><strong>·</strong></span> <span class='ocrx_word' id='word_1_122' title='bbox 877 1753 902 1812; x_wconf 74' lang='lat' dir='ltr'>la</span> <span class='ocrx_word' id='word_1_123' title='bbox 915 1757 942 1811; x_wconf 78' lang='lat' dir='ltr'>tl</span> <span class='ocrx_word' id='word_1_124' title='bbox 955 1775 978 1812; x_wconf 89' lang='lat' dir='ltr'>o.</span> <span class='ocrx_word' id='word_1_125' title='bbox 992 1747 1053 1844; x_wconf 62' lang='lat' dir='ltr'>imp</span> 
     </span>
    </p>

    <p class='ocr_par' dir='ltr' id='par_1_7' title="bbox 476 1811 1196 1972">
     <span class='ocr_line' id='line_1_17' title="bbox 476 1811 1141 1916; baseline 0.003 -36"><span class='ocrx_word' id='word_1_126' title='bbox 476 1830 558 1901; x_wconf 72' lang='grc' dir='ltr'>χαίριι</span> <span class='ocrx_word' id='word_1_127' title='bbox 570 1811 715 1916; x_wconf 57' lang='lat' dir='ltr'>depaoglme</span> <span class='ocrx_word' id='word_1_128' title='bbox 729 1827 804 1881; x_wconf 74' lang='lat' dir='ltr'>celos</span> <span class='ocrx_word' id='word_1_129' title='bbox 817 1828 890 1892; x_wconf 67' lang='lat' dir='ltr'>etiae</span> <span class='ocrx_word' id='word_1_130' title='bbox 904 1845 911 1859; x_wconf 92' lang='lat'><strong>·</strong></span> <span class='ocrx_word' id='word_1_131' title='bbox 928 1829 964 1892; x_wconf 76' lang='grc' dir='ltr'>ὣς</span> <span class='ocrx_word' id='word_1_132' title='bbox 978 1827 1031 1882; x_wconf 83' lang='lat' dir='ltr'>ror’</span> <span class='ocrx_word' id='word_1_133' title='bbox 1050 1827 1141 1896; x_wconf 66' lang='lat' dir='ltr'>&#39;lulensi</span> 
     </span>
     <span class='ocr_line' id='line_1_18' title="bbox 476 1895 1196 1972; baseline 0.003 -21"><span class='ocrx_word' id='word_1_134' title='bbox 476 1896 607 1970; x_wconf 63' lang='lat' dir='ltr'>foliosior</span> <span class='ocrx_word' id='word_1_135' title='bbox 621 1917 684 1972; x_wconf 59' lang='lat' dir='ltr'>usus</span> <span class='ocrx_word' id='word_1_136' title='bbox 695 1903 761 1959; x_wconf 74' lang='grc' dir='ltr'>κῶας</span> <span class='ocrx_word' id='word_1_137' title='bbox 775 1896 825 1962; x_wconf 69' lang='lat' dir='ltr'>ieie</span> <span class='ocrx_word' id='word_1_138' title='bbox 839 1895 962 1970; x_wconf 68' lang='lat' dir='ltr'>iveaipm</span> <span class='ocrx_word' id='word_1_139' title='bbox 975 1899 1076 1972; x_wconf 76' lang='grc' dir='ltr'>χερσίν·</span> <span class='ocrx_word' id='word_1_140' title='bbox 1080 1936 1132 1956; x_wconf 90' lang='grc'><strong>.....</strong></span> <span class='ocrx_word' id='word_1_141' title='bbox 1193 1925 1196 1931; x_wconf 91' lang='grc'><strong><em>·</em></strong></span> 
     </span>
    </p>
   </div>
   <div class='ocr_carea' id='block_1_6' title="bbox 271 2069 1360 2335">
    <p class='ocr_par' dir='ltr' id='par_1_8' title="bbox 271 2069 1360 2335">
     <span class='ocr_line' id='line_1_19' title="bbox 272 2069 1359 2157; baseline 0.004 -23"><span class='ocrx_word' id='word_1_142' title='bbox 272 2069 402 2134; x_wconf 87' lang='lat' dir='ltr'>Valerius</span> <span class='ocrx_word' id='word_1_143' title='bbox 422 2071 536 2136; x_wconf 80' lang='lat' dir='ltr'>easdem</span> <span class='ocrx_word' id='word_1_144' title='bbox 554 2091 599 2136; x_wconf 88' lang='lat' dir='ltr'>res</span> <span class='ocrx_word' id='word_1_145' title='bbox 613 2073 695 2136; x_wconf 86' lang='lat' dir='ltr'>aliter</span> <span class='ocrx_word' id='word_1_146' title='bbox 713 2075 864 2156; x_wconf 82' lang='lat' dir='ltr'>expressit.</span> <span class='ocrx_word' id='word_1_147' title='bbox 879 2071 1054 2137; x_wconf 76' lang='lat' dir='ltr'>vehementi</span> <span class='ocrx_word' id='word_1_148' title='bbox 1075 2075 1152 2138; x_wconf 90' lang='lat' dir='ltr'>enim</span> <span class='ocrx_word' id='word_1_149' title='bbox 1172 2072 1286 2137; x_wconf 89' lang='lat' dir='ltr'>dicendi</span> <span class='ocrx_word' id='word_1_150' title='bbox 1306 2093 1359 2157; x_wconf 88' lang='lat' dir='ltr'>ge·</span> 
     </span>
     <span class='ocr_line' id='line_1_20' title="bbox 271 2160 1358 2246; baseline 0.005 -24"><span class='ocrx_word' id='word_1_151' title='bbox 271 2178 338 2222; x_wconf 90' lang='lat' dir='ltr'>nere</span> <span class='ocrx_word' id='word_1_152' title='bbox 350 2162 457 2236; x_wconf 89' lang='lat' dir='ltr'>utitur;</span> <span class='ocrx_word' id='word_1_153' title='bbox 471 2161 521 2222; x_wconf 88' lang='lat' dir='ltr'>sed</span> <span class='ocrx_word' id='word_1_154' title='bbox 533 2160 573 2224; x_wconf 90' lang='lat' dir='ltr'>ibi</span> <span class='ocrx_word' id='word_1_155' title='bbox 586 2177 664 2223; x_wconf 89' lang='lat' dir='ltr'>certe</span> <span class='ocrx_word' id='word_1_156' title='bbox 677 2163 816 2224; x_wconf 86' lang='lat' dir='ltr'>orationis</span> <span class='ocrx_word' id='word_1_157' title='bbox 835 2163 896 2224; x_wconf 89' lang='lat' dir='ltr'>uim</span> <span class='ocrx_word' id='word_1_158' title='bbox 910 2176 940 2225; x_wconf 92' lang='lat' dir='ltr'>et</span> <span class='ocrx_word' id='word_1_159' title='bbox 960 2161 1203 2246; x_wconf 89' lang='lat' dir='ltr'>magnificentiam</span> <span class='ocrx_word' id='word_1_160' title='bbox 1226 2161 1358 2227; x_wconf 84' lang='lat' dir='ltr'>dulcibus</span> 
     </span>
     <span class='ocr_line' id='line_1_21' title="bbox 271 2247 1360 2335; baseline 0.002 -24"><span class='ocrx_word' id='word_1_161' title='bbox 271 2265 357 2331; x_wconf 89' lang='lat' dir='ltr'>sagae</span> <span class='ocrx_word' id='word_1_162' title='bbox 369 2247 406 2310; x_wconf 93' lang='lat' dir='ltr'>de</span> <span class='ocrx_word' id='word_1_163' title='bbox 418 2247 555 2323; x_wconf 90' lang='lat' dir='ltr'>dracone,</span> <span class='ocrx_word' id='word_1_164' title='bbox 571 2267 659 2332; x_wconf 90' lang='lat' dir='ltr'>quem</span> <span class='ocrx_word' id='word_1_165' title='bbox 672 2251 733 2332; x_wconf 86' lang='lat' dir='ltr'>ipsa</span> <span class='ocrx_word' id='word_1_166' title='bbox 743 2263 860 2332; x_wconf 87' lang='lat' dir='ltr'>propter</span> <span class='ocrx_word' id='word_1_167' title='bbox 872 2251 982 2313; x_wconf 87' lang='lat' dir='ltr'>Iasonis</span> <span class='ocrx_word' id='word_1_168' title='bbox 991 2269 1122 2313; x_wconf 81' lang='lat' dir='ltr'>amorem</span> <span class='ocrx_word' id='word_1_169' title='bbox 1132 2251 1251 2326; x_wconf 88' lang='lat' dir='ltr'>occidit,</span> <span class='ocrx_word' id='word_1_170' title='bbox 1262 2251 1360 2335; x_wconf 85' lang='lat' dir='ltr'>queri·¹</span> 
     </span>
    </p>
   </div>
   <div class='ocr_carea' id='block_1_7' title="bbox 154 2336 1357 2422">
    <p class='ocr_par' dir='ltr' id='par_1_9' title="bbox 154 2336 1357 2422">
     <span class='ocr_line' id='line_1_22' title="bbox 154 2336 1357 2422; baseline 0.004 -26"><span class='ocrx_word' id='word_1_171' title='bbox 154 2367 158 2375; x_wconf 92' lang='lat'>·</span> <span class='ocrx_word' id='word_1_172' title='bbox 271 2337 377 2398; x_wconf 88' lang='lat' dir='ltr'>moniis</span> <span class='ocrx_word' id='word_1_173' title='bbox 389 2337 504 2419; x_wconf 81' lang='lat' dir='ltr'>egregie</span> <span class='ocrx_word' id='word_1_174' title='bbox 519 2337 701 2418; x_wconf 84' lang='lat' dir='ltr'>temperauit.</span> <span class='ocrx_word' id='word_1_175' title='bbox 715 2339 753 2399; x_wconf 78' lang='lat' dir='ltr'>At</span> <span class='ocrx_word' id='word_1_176' title='bbox 765 2337 914 2420; x_wconf 90' lang='lat' dir='ltr'>aliquanto</span> <span class='ocrx_word' id='word_1_177' title='bbox 936 2339 1039 2401; x_wconf 90' lang='lat' dir='ltr'>ceteris</span> <span class='ocrx_word' id='word_1_178' title='bbox 1060 2351 1185 2420; x_wconf 84' lang='lat' dir='ltr'>praestat</span> <span class='ocrx_word' id='word_1_179' title='bbox 1207 2336 1357 2422; x_wconf 82' lang='lat' dir='ltr'>splendida</span> 
     </span>
    </p>
   </div>
   <div class='ocr_carea' id='block_1_8' title="bbox 270 2421 1356 2575">
    <p class='ocr_par' dir='ltr' id='par_1_10' title="bbox 270 2421 1356 2575">
     <span class='ocr_line' id='line_1_23' title="bbox 270 2421 1356 2575; baseline 0.005 -91"><span class='ocrx_word' id='word_1_180' title='bbox 270 2421 473 2575; x_wconf 51' lang='lat' dir='ltr'>{llagrtauitam</span> <span class='ocrx_word' id='word_1_181' title='bbox 488 2425 529 2486; x_wconf 93' lang='lat' dir='ltr'>sic</span> <span class='ocrx_word' id='word_1_182' title='bbox 542 2443 610 2487; x_wconf 88' lang='lat' dir='ltr'>cum</span> <span class='ocrx_word' id='word_1_183' title='bbox 624 2424 757 2488; x_wconf 77' lang='lat' dir='ltr'>draconis</span> <span class='ocrx_word' id='word_1_184' title='bbox 771 2425 850 2488; x_wconf 90' lang='lat' dir='ltr'>oculi</span> <span class='ocrx_word' id='word_1_185' title='bbox 868 2427 1042 2526; x_wconf 73' lang='lat' dir='ltr'>intempesta</span> <span class='ocrx_word' id='word_1_186' title='bbox 1062 2438 1150 2490; x_wconf 91' lang='lat' dir='ltr'>nocte</span> <span class='ocrx_word' id='word_1_187' title='bbox 1174 2426 1255 2490; x_wconf 87' lang='lat' dir='ltr'>uelut</span> <span class='ocrx_word' id='word_1_188' title='bbox 1273 2425 1356 2510; x_wconf 89' lang='lat' dir='ltr'>ignes</span> 
     </span>
     <span class='ocr_line' id='line_1_24' title="bbox 282 2527 356 2572; baseline -0.014 0"><span class='ocrx_word' id='word_1_189' title='bbox 282 2527 356 2572; x_wconf 89' lang='lat' dir='ltr'>uceu</span> 
     </span>
    </p>
   </div>
   <div class='ocr_carea' id='block_1_9' title="bbox 271 2657 1179 2902">
    <p class='ocr_par' dir='ltr' id='par_1_11' title="bbox 271 2657 1179 2902">
     <span class='ocr_line' id='line_1_25' title="bbox 271 2657 1179 2768; baseline 0 -16"><span class='ocrx_word' id='word_1_190' title='bbox 271 2657 278 2672; x_wconf 34' lang='grc' dir='ltr'>ι</span> <span class='ocrx_word' id='word_1_191' title='bbox 336 2735 360 2750; x_wconf 93' lang='grc'>..</span> <span class='ocrx_word' id='word_1_192' title='bbox 388 2693 489 2752; x_wconf 82' lang='lat' dir='ltr'>..Cum</span> <span class='ocrx_word' id='word_1_193' title='bbox 501 2695 589 2752; x_wconf 88' lang='lat' dir='ltr'>subito</span> <span class='ocrx_word' id='word_1_194' title='bbox 602 2695 739 2768; x_wconf 84' lang='lat' dir='ltr'>ingentem</span> <span class='ocrx_word' id='word_1_195' title='bbox 754 2695 842 2752; x_wconf 87' lang='lat' dir='ltr'>media</span> <span class='ocrx_word' id='word_1_196' title='bbox 856 2699 923 2752; x_wconf 87' lang='lat' dir='ltr'>iuter</span> <span class='ocrx_word' id='word_1_197' title='bbox 936 2694 1027 2752; x_wconf 78' lang='lat' dir='ltr'>nubile</span> <span class='ocrx_word' id='word_1_198' title='bbox 1040 2695 1179 2752; x_wconf 86' lang='lat' dir='ltr'>flammam</span> 
     </span>
     <span class='ocr_line' id='line_1_26' title="bbox 271 2762 1108 2840; baseline 0.01 -20"><span class='ocrx_word' id='word_1_199' title='bbox 271 2799 273 2802; x_wconf 94' lang='lat'>-</span> <span class='ocrx_word' id='word_1_200' title='bbox 308 2762 411 2837; x_wconf 71' lang='lat' dir='ltr'>[laon]</span> <span class='ocrx_word' id='word_1_201' title='bbox 424 2765 571 2840; x_wconf 82' lang='lat' dir='ltr'>Conspicit,</span> <span class='ocrx_word' id='word_1_202' title='bbox 585 2777 612 2822; x_wconf 88' lang='lat' dir='ltr'>et</span> <span class='ocrx_word' id='word_1_203' title='bbox 623 2783 701 2822; x_wconf 89' lang='lat' dir='ltr'>saeua</span> <span class='ocrx_word' id='word_1_204' title='bbox 715 2766 847 2824; x_wconf 90' lang='lat' dir='ltr'>uibrantes</span> <span class='ocrx_word' id='word_1_205' title='bbox 861 2765 919 2824; x_wconf 88' lang='lat' dir='ltr'>luce</span> <span class='ocrx_word' id='word_1_206' title='bbox 931 2766 1052 2823; x_wconf 85' lang='lat' dir='ltr'>tenebras</span> <span class='ocrx_word' id='word_1_207' title='bbox 1054 2808 1108 2828; x_wconf 90' lang='grc'><strong>.....</strong></span> 
     </span>
     <span class='ocr_line' id='line_1_27' title="bbox 425 2836 1071 2902; baseline 0.009 -16"><span class='ocrx_word' id='word_1_208' title='bbox 425 2856 440 2886; x_wconf 77' lang='grc' dir='ltr'><strong><em>ι</em></strong></span> <span class='ocrx_word' id='word_1_209' title='bbox 453 2838 465 2892; x_wconf 95' lang='lat'>1</span> <span class='ocrx_word' id='word_1_210' title='bbox 497 2839 538 2892; x_wconf 88' lang='lat' dir='ltr'>ius</span> <span class='ocrx_word' id='word_1_211' title='bbox 551 2853 585 2893; x_wconf 90' lang='lat' dir='ltr'>en</span> <span class='ocrx_word' id='word_1_212' title='bbox 599 2836 691 2902; x_wconf 78' lang='lat' dir='ltr'>oculos</span> <span class='ocrx_word' id='word_1_213' title='bbox 705 2849 731 2892; x_wconf 92' lang='lat' dir='ltr'>et</span> <span class='ocrx_word' id='word_1_214' title='bbox 743 2836 846 2893; x_wconf 90' lang='lat' dir='ltr'>lumina</span> <span class='ocrx_word' id='word_1_215' title='bbox 858 2849 934 2894; x_wconf 86' lang='lat' dir='ltr'>torua</span> <span class='ocrx_word' id='word_1_216' title='bbox 949 2838 1071 2895; x_wconf 87' lang='lat' dir='ltr'>draconis</span> 
     </span>
    </p>
   </div>
   <div class='ocr_carea' id='block_1_10' title="bbox 425 2906 1137 2982">
    <p class='ocr_par' dir='ltr' id='par_1_12' title="bbox 425 2906 1137 2982">
     <span class='ocr_line' id='line_1_28' title="bbox 425 2906 1137 2982; baseline -0.003 -20"><span class='ocrx_word' id='word_1_217' title='bbox 425 2908 451 2962; x_wconf 84' lang='grc' dir='ltr'><strong>Α</strong></span> <span class='ocrx_word' id='word_1_218' title='bbox 499 2906 561 2976; x_wconf 87' lang='lat' dir='ltr'>icis;</span> <span class='ocrx_word' id='word_1_219' title='bbox 576 2907 621 2964; x_wconf 91' lang='lat' dir='ltr'>ille</span> <span class='ocrx_word' id='word_1_220' title='bbox 634 2909 689 2964; x_wconf 89' lang='lat' dir='ltr'>suls</span> <span class='ocrx_word' id='word_1_221' title='bbox 701 2906 766 2964; x_wconf 88' lang='lat' dir='ltr'>baec</span> <span class='ocrx_word' id='word_1_222' title='bbox 780 2907 867 2965; x_wconf 87' lang='lat' dir='ltr'>uibrat</span> <span class='ocrx_word' id='word_1_223' title='bbox 879 2907 984 2982; x_wconf 77' lang='lat' dir='ltr'>fulgura</span> <span class='ocrx_word' id='word_1_224' title='bbox 997 2907 1105 2966; x_wconf 64' lang='lat' dir='ltr'>cristiv.</span> <span class='ocrx_word' id='word_1_225' title='bbox 1122 2927 1137 2960; x_wconf 75' lang='lat' dir='ltr'>s</span> 
     </span>
    </p>
   </div>
   <div class='ocr_carea' id='block_1_11' title="bbox 199 3082 1358 3348">
    <p class='ocr_par' dir='ltr' id='par_1_13' title="bbox 199 3082 1358 3348">
     <span class='ocr_line' id='line_1_29' title="bbox 310 3082 1356 3165; baseline 0.004 -21"><span class='ocrx_word' id='word_1_226' title='bbox 310 3082 410 3146; x_wconf 79' lang='lat' dir='ltr'>Furius</span> <span class='ocrx_word' id='word_1_227' title='bbox 432 3097 529 3148; x_wconf 89' lang='lat' dir='ltr'>autem</span> <span class='ocrx_word' id='word_1_228' title='bbox 548 3082 718 3148; x_wconf 85' lang='lat' dir='ltr'>describitur</span> <span class='ocrx_word' id='word_1_229' title='bbox 737 3085 862 3149; x_wconf 84' lang='lat' dir='ltr'>Hecates</span> <span class='ocrx_word' id='word_1_230' title='bbox 881 3084 1039 3148; x_wconf 86' lang='lat' dir='ltr'>sacerdotis</span> <span class='ocrx_word' id='word_1_231' title='bbox 1062 3083 1265 3165; x_wconf 87' lang='lat' dir='ltr'>ministerium,</span> <span class='ocrx_word' id='word_1_232' title='bbox 1287 3104 1356 3148; x_wconf 89' lang='lat' dir='ltr'>cum</span> 
     </span>
     <span class='ocr_line' id='line_1_30' title="bbox 271 3171 1358 3259; baseline 0.003 -25"><span class='ocrx_word' id='word_1_233' title='bbox 271 3171 372 3236; x_wconf 77' lang='lat' dir='ltr'>liedes</span> <span class='ocrx_word' id='word_1_234' title='bbox 384 3191 446 3234; x_wconf 90' lang='lat' dir='ltr'>non</span> <span class='ocrx_word' id='word_1_235' title='bbox 458 3173 519 3237; x_wconf 91' lang='lat' dir='ltr'>sine</span> <span class='ocrx_word' id='word_1_236' title='bbox 531 3173 656 3259; x_wconf 79' lang='lat' dir='ltr'>quedam</span> <span class='ocrx_word' id='word_1_237' title='bbox 669 3175 797 3250; x_wconf 89' lang='lat' dir='ltr'>tristitia,</span> <span class='ocrx_word' id='word_1_238' title='bbox 811 3175 890 3236; x_wconf 89' lang='lat' dir='ltr'>cn&#39;ne</span> <span class='ocrx_word' id='word_1_239' title='bbox 904 3172 1002 3237; x_wconf 90' lang='lat' dir='ltr'>soluto</span> <span class='ocrx_word' id='word_1_240' title='bbox 1023 3174 1213 3259; x_wconf 87' lang='lat' dir='ltr'>manibusque</span> <span class='ocrx_word' id='word_1_241' title='bbox 1233 3172 1271 3237; x_wconf 86' lang='lat' dir='ltr'>ad</span> <span class='ocrx_word' id='word_1_242' title='bbox 1291 3191 1358 3237; x_wconf 90' lang='lat' dir='ltr'>cae·</span> 
     </span>
     <span class='ocr_line' id='line_1_31' title="bbox 199 3257 1240 3348; baseline 0.006 -26"><span class='ocrx_word' id='word_1_243' title='bbox 199 3316 204 3322; x_wconf 86' lang='lat'>.</span> <span class='ocrx_word' id='word_1_244' title='bbox 270 3257 332 3324; x_wconf 88' lang='lat' dir='ltr'>lum</span> <span class='ocrx_word' id='word_1_245' title='bbox 344 3261 447 3324; x_wconf 88' lang='lat' dir='ltr'>erectis</span> <span class='ocrx_word' id='word_1_246' title='bbox 460 3263 572 3327; x_wconf 81' lang='lat' dir='ltr'>Somtm</span> <span class='ocrx_word' id='word_1_247' title='bbox 585 3278 656 3328; x_wconf 92' lang='lat' dir='ltr'>uota</span> <span class='ocrx_word' id='word_1_248' title='bbox 668 3262 737 3326; x_wconf 87' lang='lat' dir='ltr'>iacit</span> <span class='ocrx_word' id='word_1_249' title='bbox 750 3277 779 3325; x_wconf 90' lang='lat' dir='ltr'>et</span> <span class='ocrx_word' id='word_1_250' title='bbox 793 3261 966 3326; x_wconf 74' lang='lat' dir='ltr'>carminibus</span> <span class='ocrx_word' id='word_1_251' title='bbox 980 3263 1138 3327; x_wconf 75' lang='lat' dir='ltr'>draconem</span> <span class='ocrx_word' id='word_1_252' title='bbox 1150 3264 1240 3348; x_wconf 85' lang='lat' dir='ltr'>sopit.</span> 
     </span>
    </p>
   </div>
   <div class='ocr_carea' id='block_1_12' title="bbox 341 3446 1271 4002">
    <p class='ocr_par' dir='ltr' id='par_1_14' title="bbox 407 3446 1157 3533">
     <span class='ocr_line' id='line_1_32' title="bbox 407 3446 1157 3533; baseline 0.007 -32"><span class='ocrx_word' id='word_1_253' title='bbox 407 3446 515 3520; x_wconf 85' lang='lat' dir='ltr'>lamque</span> <span class='ocrx_word' id='word_1_254' title='bbox 527 3463 622 3504; x_wconf 82' lang='lat' dir='ltr'>manua</span> <span class='ocrx_word' id='word_1_255' title='bbox 635 3446 745 3533; x_wconf 59' lang='lat' dir='ltr'>§olebit</span> <span class='ocrx_word' id='word_1_256' title='bbox 757 3451 858 3504; x_wconf 88' lang='lat' dir='ltr'>crinem</span> <span class='ocrx_word' id='word_1_257' title='bbox 877 3464 911 3505; x_wconf 88' lang='lat' dir='ltr'>ue</span> <span class='ocrx_word' id='word_1_258' title='bbox 922 3449 1068 3505; x_wconf 85' lang='lat' dir='ltr'>intenderat</span> <span class='ocrx_word' id='word_1_259' title='bbox 1080 3452 1157 3506; x_wconf 84' lang='lat' dir='ltr'>astris</span> 
     </span>
    </p>

    <p class='ocr_par' dir='ltr' id='par_1_15' title="bbox 407 3516 1101 3604">
     <span class='ocr_line' id='line_1_33' title="bbox 407 3516 1101 3604; baseline 0.001 -32"><span class='ocrx_word' id='word_1_260' title='bbox 407 3516 535 3572; x_wconf 86' lang='lat' dir='ltr'>Cannina</span> <span class='ocrx_word' id='word_1_261' title='bbox 547 3518 685 3574; x_wconf 72' lang='lat' dir='ltr'>barbarico</span> <span class='ocrx_word' id='word_1_262' title='bbox 697 3518 811 3575; x_wconf 79' lang='lat' dir='ltr'>lundens</span> <span class='ocrx_word' id='word_1_263' title='bbox 839 3589 845 3604; x_wconf 34' lang='grc' dir='ltr'>ι</span> <span class='ocrx_word' id='word_1_264' title='bbox 874 3534 899 3586; x_wconf 90' lang='lat' dir='ltr'>e,</span> <span class='ocrx_word' id='word_1_265' title='bbox 912 3530 990 3592; x_wconf 88' lang='lat' dir='ltr'>teque</span> <span class='ocrx_word' id='word_1_266' title='bbox 1003 3520 1101 3604; x_wconf 73' lang='lat' dir='ltr'>elebat,</span> 
     </span>
    </p>

    <p class='ocr_par' dir='ltr' id='par_1_16' title="bbox 408 3586 1255 3664">
     <span class='ocr_line' id='line_1_34' title="bbox 408 3586 1255 3664; baseline 0.004 -21"><span class='ocrx_word' id='word_1_267' title='bbox 408 3586 508 3646; x_wconf 89' lang='lat' dir='ltr'>Somne</span> <span class='ocrx_word' id='word_1_268' title='bbox 522 3599 611 3661; x_wconf 79' lang='lat' dir='ltr'>pater:</span> <span class='ocrx_word' id='word_1_269' title='bbox 626 3609 641 3644; x_wconf 81' lang='lat' dir='ltr'>r</span> <span class='ocrx_word' id='word_1_270' title='bbox 656 3589 757 3648; x_wconf 83' lang='lat' dir='ltr'>Somne</span> <span class='ocrx_word' id='word_1_271' title='bbox 772 3601 952 3664; x_wconf 80' lang='lat' dir='ltr'>omnipotens,</span> <span class='ocrx_word' id='word_1_272' title='bbox 967 3601 993 3646; x_wconf 87' lang='lat' dir='ltr'>te</span> <span class='ocrx_word' id='word_1_273' title='bbox 1007 3589 1117 3648; x_wconf 75' lang='lat' dir='ltr'>Colchis</span> <span class='ocrx_word' id='word_1_274' title='bbox 1130 3590 1164 3647; x_wconf 91' lang='lat' dir='ltr'>ab</span> <span class='ocrx_word' id='word_1_275' title='bbox 1179 3589 1255 3647; x_wconf 90' lang='lat' dir='ltr'>omni</span> 
     </span>
    </p>

    <p class='ocr_par' dir='ltr' id='par_1_17' title="bbox 407 3659 1162 3736">
     <span class='ocr_line' id='line_1_35' title="bbox 407 3659 1162 3736; baseline 0.001 -19"><span class='ocrx_word' id='word_1_276' title='bbox 407 3659 481 3717; x_wconf 88' lang='lat' dir='ltr'>Orbe</span> <span class='ocrx_word' id='word_1_277' title='bbox 494 3675 574 3728; x_wconf 90' lang='lat' dir='ltr'>uoco,</span> <span class='ocrx_word' id='word_1_278' title='bbox 588 3660 765 3736; x_wconf 80' lang='lat' dir='ltr'>loquentum</span> <span class='ocrx_word' id='word_1_279' title='bbox 779 3661 858 3719; x_wconf 89' lang='lat' dir='ltr'>iubeo</span> <span class='ocrx_word' id='word_1_280' title='bbox 872 3679 942 3718; x_wconf 89' lang='lat' dir='ltr'>nunc</span> <span class='ocrx_word' id='word_1_281' title='bbox 956 3661 995 3718; x_wconf 87' lang='lat' dir='ltr'>ire</span> <span class='ocrx_word' id='word_1_282' title='bbox 1008 3663 1162 3730; x_wconf 81' lang='lat' dir='ltr'>draconem,</span> 
     </span>
    </p>

    <p class='ocr_par' dir='ltr' id='par_1_18' title="bbox 408 3727 1123 3818">
     <span class='ocr_line' id='line_1_36' title="bbox 408 3727 1123 3818; baseline 0.006 -32"><span class='ocrx_word' id='word_1_283' title='bbox 408 3729 486 3798; x_wconf 89' lang='lat' dir='ltr'>Quae</span> <span class='ocrx_word' id='word_1_284' title='bbox 499 3727 564 3788; x_wconf 78' lang='lat' dir='ltr'>freta</span> <span class='ocrx_word' id='word_1_285' title='bbox 576 3747 654 3806; x_wconf 84' lang='lat' dir='ltr'>saepe</span> <span class='ocrx_word' id='word_1_286' title='bbox 666 3741 713 3788; x_wconf 88' lang='lat' dir='ltr'>tuo</span> <span class='ocrx_word' id='word_1_287' title='bbox 725 3732 818 3818; x_wconf 80' lang='lat' dir='ltr'>domui</span> <span class='ocrx_word' id='word_1_288' title='bbox 845 3748 912 3809; x_wconf 86' lang='lat' dir='ltr'>quae</span> <span class='ocrx_word' id='word_1_289' title='bbox 925 3731 1024 3804; x_wconf 87' lang='lat' dir='ltr'>nubila,</span> <span class='ocrx_word' id='word_1_290' title='bbox 1039 3749 1123 3790; x_wconf 89' lang='lat' dir='ltr'>cornu</span> 
     </span>
    </p>

    <p class='ocr_par' dir='ltr' id='par_1_19' title="bbox 341 3773 1271 3949">
     <span class='ocr_line' id='line_1_37' title="bbox 407 3773 1271 3878; baseline 0.003 -20"><span class='ocrx_word' id='word_1_291' title='bbox 407 3801 581 3876; x_wconf 82' lang='lat' dir='ltr'>Fulmluaque</span> <span class='ocrx_word' id='word_1_292' title='bbox 593 3815 619 3860; x_wconf 92' lang='lat' dir='ltr'>et</span> <span class='ocrx_word' id='word_1_293' title='bbox 632 3815 689 3860; x_wconf 87' lang='lat' dir='ltr'>teto</span> <span class='ocrx_word' id='word_1_294' title='bbox 703 3773 830 3878; x_wconf 79' lang='lat' dir='ltr'>quicquid</span> <span class='ocrx_word' id='word_1_295' title='bbox 840 3807 922 3861; x_wconf 90' lang='lat' dir='ltr'>micat</span> <span class='ocrx_word' id='word_1_296' title='bbox 934 3803 1049 3873; x_wconf 82' lang='lat' dir='ltr'>aethere,</span> <span class='ocrx_word' id='word_1_297' title='bbox 1065 3804 1112 3861; x_wconf 83' lang='lat' dir='ltr'>aed</span> <span class='ocrx_word' id='word_1_298' title='bbox 1125 3820 1207 3874; x_wconf 84' lang='lat' dir='ltr'>nunc,</span> <span class='ocrx_word' id='word_1_299' title='bbox 1252 3817 1271 3850; x_wconf 53' lang='lat' dir='ltr'>x</span> 
     </span>
     <span class='ocr_line' id='line_1_38' title="bbox 341 3871 1082 3949; baseline 0.007 -22"><span class='ocrx_word' id='word_1_300' title='bbox 341 3919 345 3926; x_wconf 85' lang='lat'><em>.</em></span> <span class='ocrx_word' id='word_1_301' title='bbox 407 3871 485 3930; x_wconf 73' lang='lat' dir='ltr'>Nunc</span> <span class='ocrx_word' id='word_1_302' title='bbox 497 3889 547 3947; x_wconf 79' lang='lat' dir='ltr'>age</span> <span class='ocrx_word' id='word_1_303' title='bbox 560 3877 646 3932; x_wconf 86' lang='lat' dir='ltr'>maior</span> <span class='ocrx_word' id='word_1_304' title='bbox 658 3874 719 3930; x_wconf 86' lang='lat' dir='ltr'>ades</span> <span class='ocrx_word' id='word_1_305' title='bbox 732 3873 856 3949; x_wconf 74' lang='lat' dir='ltr'>fratrique</span> <span class='ocrx_word' id='word_1_306' title='bbox 869 3874 1006 3933; x_wconf 81' lang='lat' dir='ltr'>simillime</span> <span class='ocrx_word' id='word_1_307' title='bbox 1019 3874 1082 3932; x_wconf 88' lang='lat' dir='ltr'>leto.</span> 
     </span>
    </p>

    <p class='ocr_par' dir='ltr' id='par_1_20' title="bbox 432 3974 446 4002">
     <span class='ocr_line' id='line_1_39' title="bbox 432 3974 446 4002; baseline 0 -1"><span class='ocrx_word' id='word_1_308' title='bbox 432 3974 446 4002; x_wconf 64' lang='lat' dir='ltr'>x</span> 
     </span>
    </p>
   </div>
   <div class='ocr_carea' id='block_1_13' title="bbox 183 4029 477 4077">
    <p class='ocr_par' dir='ltr' id='par_1_21' title="bbox 183 4029 477 4077">
     <span class='ocr_line' id='line_1_40' title="bbox 183 4029 477 4077; baseline 0.017 -5"><span class='ocrx_word' id='word_1_309' title='bbox 183 4029 477 4077; x_wconf 47' lang='lat'>*·-··‚·÷*.</span> 
     </span>
    </p>
   </div>
   <div class='ocr_carea' id='block_1_14' title="bbox 297 4095 786 4194">
    <p class='ocr_par' dir='ltr' id='par_1_22' title="bbox 297 4095 786 4194">
     <span class='ocr_line' id='line_1_41' title="bbox 297 4095 786 4194; baseline 0.006 -17"><span class='ocrx_word' id='word_1_310' title='bbox 297 4135 405 4194; x_wconf 62' lang='grc' dir='ltr'>ψη.</span> <span class='ocrx_word' id='word_1_311' title='bbox 414 4095 505 4192; x_wconf 60' lang='lat' dir='ltr'>ripe..</span> <span class='ocrx_word' id='word_1_312' title='bbox 512 4135 598 4190; x_wconf 67' lang='lat' dir='ltr'>man</span> <span class='ocrx_word' id='word_1_313' title='bbox 606 4133 695 4192; x_wconf 63' lang='lat' dir='ltr'>‘ii-“-</span> <span class='ocrx_word' id='word_1_314' title='bbox 705 4138 786 4192; x_wconf 60' lang='lat' dir='ltr'>stret.</span> 
     </span>
    </p>
   </div>
   <div class='ocr_carea' id='block_1_15' title="bbox 838 4133 1404 4244">
    <p class='ocr_par' dir='ltr' id='par_1_23' title="bbox 838 4133 1404 4244">
     <span class='ocr_line' id='line_1_42' title="bbox 838 4133 1404 4244; baseline -0.005 -64"><span class='ocrx_word' id='word_1_315' title='bbox 838 4135 955 4244; x_wconf 40' lang='lat' dir='ltr'>&#39;azae</span> <span class='ocrx_word' id='word_1_316' title='bbox 974 4133 1066 4192; x_wconf 67' lang='lat' dir='ltr'>tm,</span> <span class='ocrx_word' id='word_1_317' title='bbox 1079 4135 1139 4188; x_wconf 80' lang='lat' dir='ltr'>vni,</span> <span class='ocrx_word' id='word_1_318' title='bbox 1155 4133 1205 4190; x_wconf 75' lang='lat'>56...</span> <span class='ocrx_word' id='word_1_319' title='bbox 1219 4133 1364 4212; x_wconf 57' lang='lat' dir='ltr'>‘easdem</span> <span class='ocrx_word' id='word_1_320' title='bbox 1401 4199 1404 4208; x_wconf 88' lang='lat'>.</span> 
     </span>
    </p>
   </div>
   <div class='ocr_carea' id='block_1_16' title="bbox 0 0 1490 4802">
    <p class='ocr_par' dir='ltr' id='par_1_24' title="bbox 0 0 1490 4802">
     <span class='ocr_line' id='line_1_43' title="bbox 0 0 1490 4802; baseline 0 1"><span class='ocrx_word' id='word_1_321' title='bbox 0 0 1490 4802; x_wconf 95' lang='lat' dir='ltr'> </span> 
     </span>
    </p>
   </div>
  </div>
 </body>
</html>
