2970 4802
616 237 834 307 ..„..

320 368 361 425 Te
374 382 491 442 quoque,
506 366 632 425 Phrixeae
646 367 755 441 pecudis
767 366 895 424 fidissime
908 377 1009 435 comos,

319 436 549 633 qurum
562 437 1003 584 turtureum

346 576 393 634 ldit
406 576 492 647 humi,
507 578 549 635 ius
559 587 576 634 s¹
585 582 686 635 circum
701 578 817 651 prolecta
829 575 932 635 lacertis

319 647 406 722 Seque
418 665 548 724 suumque
561 649 642 706 slmul
655 649 728 706 fleuit
740 648 853 706 crudelia
866 647 1030 706 alumnum&

181 850 265 912 Tunc
287 847 372 929 uirgo
395 849 467 910 sacri
488 849 591 932 anguis
614 845 807 910 miserandam
828 860 938 910 sortem
959 845 1101 930 deplorat,
1126 848 1176 933 qui
1199 847 1280 911 olim
1333 865 1337 876 “

181 932 366 1000 sacrificantis
380 935 516 998 dominae
530 933 621 999 fidelis
635 935 733 998 socius
748 933 841 998 fuerat
855 937 939 1017 eique
953 935 1068 997 mitiore
1087 935 1186 998 animo
1206 955 1281 1018 gro·
1355 961 1362 970 ·

181 1025 251 1086 tiam
265 1020 422 1099 referebam
437 1022 529 1085 immo
543 1022 639 1085 lutura
653 1022 761 1086 scelera
771 1023 927 1104 praesentit
936 1043 970 1084 ac
980 1023 1149 1105 praeteritae
1156 1021 1281 1085 adules-

182 1110 292 1174 centias
306 1110 417 1190 gaudiis
431 1109 497 1173 uale
510 1111 597 1188 dicit,
612 1130 680 1173 cum
695 1111 822 1173 dracone
841 1109 919 1174 abire
940 1110 994 1173 sibi
1008 1109 1148 1193 intellegit
1162 1111 1278 1192 patriae

182 1212 211 1260 et
224 1197 386 1280 parentium
398 1210 427 1259 et
438 1211 554 1260 sanctae
567 1198 673 1264 domus
687 1215 830 1260 amorem.
842 1199 874 1258 ln
888 1197 933 1258 his
946 1199 1034 1259 etiarn
1048 1196 1134 1273 locis,
1147 1196 1196 1259 ubi
1211 1215 1280 1258 ma·
1361 1259 1365 1264 .

182 1287 245 1369 gica
259 1283 378 1346 artificia
392 1284 539 1359 describit,
550 1299 638 1369 poeta
651 1305 712 1348 non
725 1299 786 1347 tam
799 1285 835 1346 ad
848 1285 919 1346 ritus
933 1297 962 1348 et
977 1285 1167 1348 caerimonias
1181 1285 1279 1367 expli·

181 1374 286 1436 caudas
299 1390 387 1454 quam
400 1371 437 1434 ad
450 1391 638 1456 personarum
653 1393 753 1436 sensus
767 1371 972 1456 exprimendos
992 1372 1108 1435 uidetur
1127 1385 1276 1456 spectare.

120 1467 124 1476 '
183 1463 251 1535 Qua
270 1473 331 1522 arte
352 1460 612 1523 demonstrabimus
630 1460 713 1523 illum
732 1480 842 1523 nouam
860 1460 979 1523 Medeae
997 1461 1155 1542 imaginem
1174 1475 1281 1542 poste-

180 1550 219 1612 ris
234 1548 395 1623 tradidisse,
411 1566 478 1610 cum
492 1550 612 1631 uirginis
626 1548 824 1611 sacerdotium
838 1567 897 1610 non
916 1549 1012 1610 minus
1032 1567 1120 1631 quam
1141 1567 1279 1612 amorem

181 1655 282 1700 secum
295 1637 324 1699 in
338 1637 436 1700 animo
450 1650 588 1700 uersarer.
604 1637 689 1701 Tales
703 1651 803 1700 autem
817 1635 939 1699 affectus
951 1635 1059 1700 Valerii
1073 1636 1191 1720 ingenio
1206 1651 1278 1721 apte

182 1726 369 1789 conueniunt.
386 1725 500 1788 Pulchri
515 1726 631 1810 quidem
645 1725 687 1789 illi
701 1745 802 1790 uersus
817 1725 921 1810 quibus
935 1725 1038 1788 Medea
1052 1744 1131 1788 sacra
1144 1725 1278 1788 carmina

182 1814 303 1876 lundens
318 1813 498 1896 depingitur;
513 1832 608 1898 neque
619 1833 692 1876 uero
706 1813 872 1897 probandos
882 1814 1080 1876 existimamus
1089 1813 1207 1877 criticos
1222 1813 1275 1896 qui
1328 1853 1330 1860 ·

183 1901 260 1964 hunc
274 1921 392 1965 uersum
406 1902 471 1983 (68)
484 1923 491 1964 r
509 1925 524 1959 a
541 1903 658 1985 lamque
672 1921 776 1966 manus
789 1901 909 1965 Colchis
924 1901 1090 1985 crinemque
1110 1898 1276 1965 intenderat
1298 1981 1304 1990 δ

183 1990 265 2052 astris
283 2013 299 2047 s
322 1990 409 2052 nimia
430 1989 571 2072 religione
590 1991 735 2072 corrigere
758 1990 815 2053 sint
837 1989 909 2052 ausi.
935 1991 1007 2063 Quo
1030 2003 1132 2052 eontra
1151 1989 1275 2051 feliciter

183 2075 266 2140 uobis
280 2079 401 2160 exprimi
415 2077 530 2140 uidetur
543 2075 645 2140 ardens
658 2077 706 2140 illa
721 2091 750 2141 et
763 2091 861 2139 mente
875 2077 991 2139 turbata
1003 2096 1072 2160 saga
1086 2095 1160 2161 quae
1179 2076 1276 2140 horri-

183 2165 251 2228 dum
267 2167 374 2228 crinem
389 2179 419 2229 et
432 2165 535 2228 oculos
550 2166 579 2226 in
594 2165 706 2228 caelum
720 2166 804 2248 erigit
816 2177 846 2226 et
861 2164 896 2226 ad
909 2164 1084 2248 longinquas
1095 2163 1158 2226 illas
1172 2163 1273 2246 plagas
1323 2226 1325 2232 ,

182 2253 252 2315 rotis
266 2255 354 2315 animi
368 2255 557 2336 corporisque
573 2253 681 2315 uiribus
695 2253 797 2314 tendit.
815 2253 915 2333 Quare
929 2252 1053 2314 multum
1074 2270 1167 2314 errcre
1188 2251 1274 2314 nobis
1333 2323 1336 2330 ⁴

183 2340 299 2401 uidetur
310 2341 454 2402 Baehrens
470 2360 537 2403 cum
550 2340 663 2423 uirgam
676 2360 730 2422 pro
744 2339 846 2400 crinem
860 2339 971 2420 ponit².
1084 2391 1086 2394 .

221 2427 410 2509 Splendidum
424 2427 494 2490 illud
510 2443 538 2490 ec
547 2447 637 2509 graue
651 2427 799 2509 ingenium
809 2427 1016 2508 praesertimin
1030 2426 1074 2487 his
1088 2426 1161 2488 locis
1174 2438 1291 2512 osten·-

142 2513 271 2591 ‚ditur,
287 2515 317 2574 in
330 2514 434 2596 quibus
447 2515 551 2577 Graeci
565 2528 670 2597 poetae
684 2515 808 2596 uestigia
820 2513 906 2598 plane
920 2513 1051 2577 deserere
1065 2533 1164 2589 ausus,
1179 2533 1274 2577 nouas
1369 2569 1375 2584 f
1441 2513 1444 2522 ⁴

183 2620 228 2663 res
251 2601 362 2663 inuenit
385 2619 418 2663 ac
442 2603 562 2686 pepigit.
588 2602 662 2665 Sane
684 2603 818 2666 Diodoro
841 2602 939 2666 Siculo
968 2601 1075 2686 aliquid
1098 2600 1200 2678 debet,
1223 2600 1275 2688 qui
1373 2611 1391 2624 ‘

183 2688 292 2753 lasonis
308 2702 440 2770 parentes
456 2692 581 2754 narrauit
597 2712 614 2754 a
633 2689 711 2753 Pelia
725 2705 848 2775 tyranno
868 2711 932 2754 esse
946 2705 1066 2754 coactos
1078 2689 1132 2754 sibi
1145 2704 1274 2754 mortem

183 2778 380 2854 consciscere;
409 2779 486 2862 regis
513 2781 591 2860 enim
623 2779 702 2840 iussu
729 2781 828 2842 Aeson
857 2778 932 2841 tauri
964 2779 1136 2861 sanguinem
1166 2777 1272 2856 haurit,

183 2863 316 2949 filiusque
331 2866 392 2928 eius
406 2865 584 2930 Promachus
598 2887 615 2929 a
630 2865 768 2930 militibus
782 2866 943 2944 occiditur;
957 2867 1067 2930 Iasonis
1080 2887 1154 2931 uero
1168 2881 1288 2944 mater„

182 2953 379 3038 hmphiuome
393 2955 447 3032 (sic
461 2956 539 3019 enim
549 2955 584 3019 ab
598 2955 739 3019 historico
754 2955 945 3034 reordinatur),
960 2954 997 3018 ad
1015 2955 1149 3019 ultimam
1167 2956 1273 3039 despe-

182 3043 324 3106 rationem
347 3045 481 3121 adducta,
504 3045 535 3107 in
556 3044 756 3130 regtsdomo,
778 3063 869 3128 prope
888 3064 979 3122 aram,
1001 3064 1019 3107 a
1041 3045 1110 3108 Deis
1127 3044 1271 3108 ultionem

183 3145 315 3213 precatur
335 3146 365 3195 et
385 3131 438 3196 sibi
461 3146 563 3215 pectus
585 3133 683 3217 gladio
706 3131 876 3218 oausfigict
901 3131 958 3196 Sed
981 3152 1038 3217 qua
1058 3147 1119 3196 arte
1141 3132 1271 3197 Valerius

184 3219 255 3282 haec
280 3221 440 3304 disposuitl
467 3221 555 3286 Nihil.
571 3240 695 3306 usquam
719 3221 756 3286 ad
780 3222 960 3285 mouendum
988 3223 1081 3305 aptius
1111 3222 1160 3285 uel
1191 3221 1271 3308 quod

179 3310 324 3400 maiorem
344 3309 496 3375 horrorem
515 3311 653 3390 incutiat;
673 3311 819 3374 interdurn
838 3323 948 3390 tamen,
969 3310 1041 3374 dum
1061 3305 1203 3375 horrenda
1223 3308 1271 3374 illa

211 3547 229 3580 t.
238 3537 291 3581 Vae.
300 3536 390 3595 Argon,
399 3535 459 3591 vin,
469 3539 494 3582 6⁸
504 3551 576 3596 eqq...,
584 3549 610 3594 92
617 3552 663 3596 sqq.
755 3505 758 3514 Ι

210 3629 229 3660 a.
240 3616 274 3662 Ci.
287 3617 380 3662 Vattett
391 3618 479 3676 Argos,
488 3619 521 3664 ed.
529 3619 601 3672 Tlrlle,
611 3619 671 3673 vm,
681 3620 707 3663 61
715 3628 737 3661 et
746 3617 838 3664 astulas.
850 3633 860 3658 ι
871 3619 954 3662 linault
965 3617 1074 3662 llernatoa
1083 3630 1130 3662 eun
1142 3617 1160 3664 C
1178 3619 1271 3662 coliem

184 3669 300 3728 Curriculi)
308 3673 383 3714 circum
398 3687 421 3715 u
429 3673 504 3716 babere
513 3673 572 3718 dltit.
581 3673 628 3731 lpse
637 3673 744 3729 lanasque
771 3673 866 3729 reposuit
879 3673 994 3728 etmnqu
1003 3672 1133 3717 Welelterma
1148 3685 1159 3716 e

182 3725 232 3768 dicit
241 3725 259 3768 el
268 3726 314 3782 quia
324 3725 376 3769 uelit
384 3685 470 3783 ingenio
478 3727 558 3772 ludere.
565 3728 739 3772 s-Rornarm
776 3733 844 3782 repar(
853 3725 895 3768 and
907 3724 985 3784 reveri,
994 3724 1085 3778 limas,
1095 3735 1112 3772 t.
1121 3737 1182 3784 14η.
1192 3737 1202 3770 ι
1218 3727 1271 3769 ‚ille

182 3777 318 3822 Baanaanaru
332 3781 471 3824 coniecturam
484 3793 526 3822 non
541 3780 623 3836 probat,
632 3781 658 3822 ad
677 3757 850 3836 aiguiiearlonenr
860 3780 919 3822 serbi
933 3779 1035 3821 esuum
1047 3788 1129 3822 mutum
1139 3791 1161 3822 ae
1171 3779 1271 3822 raim.

184 3831 255 3882 Quera
264 3833 286 3874 ln
296 3832 399 3890 Propertii
408 3843 503 3889 poemate
515 3830 546 3874 Ta
557 3833 602 3874 licet
611 3833 758 3888 abiectarffld.
770 3832 852 3884 ildller,
862 3833 880 3884 l,
892 3831 1045 3890 colegendona
1054 3845 1099 3876 esse
1113 3841 1173 3890 putet
1185 3845 1206 3876 u.
1249 3835 1272 3873 nl

183 3883 258 3936 trahe,
268 3899 305 3942 pru
316 3887 416 3952 intendat,
425 3889 474 3952 qula
484 3886 517 3928 hle
527 3886 614 3930 uerbum
624 3887 730 3943 quoldum
740 3885 861 3942 ampliorem
870 3885 932 3928 celer
948 3887 1013 3952 'qm
1027 3897 1112 3928 unm·
1127 3885 1205 3928 babeo·
1232 3884 1272 3927 asl-

182 3938 272 3982 deretur.
281 3938 378 4006 Verbum·
384 3949 448 4006 rgqtur
458 3939 560 3981 inundare
569 3949 590 3982 et
599 3939 654 3996 apud
665 3940 796 3995 Propertium
806 3947 827 3980 et
836 3939 891 3993 epad
900 3937 931 4004 Va
940 3951 1006 3980 enom
1016 3937 1079 4004 delet,
1090 3937 1147 3994 quod
1156 3950 1200 3982 m
1214 3937 1272 3980 editi·
1288 3973 1290 3979 ,

182 3988 225 4030 beri
235 3991 301 4046 poerit
306 3989 347 4048 sir
354 3991 387 4034 dra
395 3989 487 4050 arefacio
496 3989 599 4034 Balomos
622 3991 655 4033 dea
664 3989 802 4046 Aaronem
811 3990 861 4032 sina
871 3991 991 4033 Metinates
999 3989 1086 4044 torret
1099 3990 1186 4034 mun
1200 4001 1271 4033 sem·

181 4044 359 4140 :qtaqnlqtqg'ruhq
366 4045 464 4142 mir?
472 4043 573 4140 ἐπει.
582 4005 705 4153 iamne
712 4042 832 4086 illenim
840 4041 882 4101 aas
887 4043 921 4086 lle
930 4041 1022 4086 mum
1031 4041 1141 4098 lankim
1148 4044 1201 4088 ule.
1212 4041 1271 4086 iisse

353 4111 366 4140 u
414 4111 439 4141 or
452 4111 472 4140 ra
694 4129 700 4142 .

211 4184 231 4227 p.
240 4174 342 4219 numer
352 4175 429 4219 dream
438 4172 496 4220 urit.
505 4173 562 4226 tur,
572 4173 610 4226 lv,
621 4172 675 4231 ςᾳς
686 4170 1053 4230 a·;.-v1c1rm.,t,7uuan.
1092 4191 1095 4200 ·
