2996 4792
458 200 756 268 .-4,-

103 353 173 404 non,
194 343 227 394 ut
247 328 324 412 apud
350 329 506 402 Graecum,
531 341 705 390 nocturnam
727 325 857 410 quietem
876 339 904 388 et
923 345 1062 390 amoenas
1079 323 1195 390 frondes

101 431 247 502 repetunt,
262 417 313 480 sed
326 416 400 479 ieras
413 429 552 480 uenantes
564 415 624 478 leui
638 435 723 478 cursu
739 429 962 498 persequuntur,
971 413 1071 498 quales
1086 415 1196 478 Home·

101 528 150 572 rus
163 504 333 571 ostendebat
347 505 504 568 Aneunidis
518 505 652 568 comites.

201 709 296 782 [luno]
310 711 383 766 Haec
398 709 435 764 ait
449 720 475 766 et
488 711 586 782 pariter
600 706 669 764 laeui
684 709 747 780 luga
762 710 839 780 pinea
852 677 952 765 montis

308 779 362 836 tter
380 782 426 836 lclt
438 795 469 834 ac
483 779 596 852 pulchro
610 789 736 834 uenantes
748 781 856 851 agmine
869 780 896 836 N
944 778 1020 851 phas,

197 899 201 916 ,
311 795 441 906 Uarianam
456 867 629 922 nemorumque
642 849 720 904 dacus.
736 849 894 907 Leuis-omn
906 849 955 905 bus
969 865 1044 905 meus

179 915 199 956 '⁷
309 921 341 977 lit
356 923 475 977 manicae
490 921 589 977 uirides
602 931 628 976 et
641 923 731 976 stricta
744 931 846 992 myrtus
860 920 973 986 habena,

309 993 423 1050 Summo
455 991 506 1048 alla
520 1008 602 1066 genu,
617 993 690 1048 tenul
705 1007 789 1065 uagus
802 993 903 1048 innatat
917 991 987 1048 unda

308 1063 399 1119 Crinls
412 1008 455 1118 ai
460 1064 588 1120 obscurae
603 1063 745 1120 decurrens
758 1061 865 1136 cingula
879 1079 1021 1121 mammae.

307 1136 319 1191 1
339 1150 367 1190 sa
382 1137 521 1190 citatarum
535 1133 615 1191 tellus
627 1133 695 1209 pede
709 1133 799 1207 plausa
812 1149 935 1192 sororum

332 1217 438 1262 ersonat
452 1217 479 1262 et
490 1209 589 1262 teneris
603 1207 745 1264 summittit
757 1207 879 1280 gramina
892 1203 1013 1279 planus.

104 1489 193 1552 modo
208 1501 328 1570 uterque
343 1500 431 1569 poeta
443 1486 567 1572 legentis
582 1487 712 1548 animum
725 1485 865 1570 impellit:
881 1485 938 1548 illic
960 1485 1122 1548 inclinantis
1138 1485 1194 1548 diei

103 1590 132 1638 et
143 1595 234 1659 prope
247 1577 360 1657 uesperi
374 1574 521 1637 silentium
535 1589 565 1636 et
578 1575 680 1657 quies;
699 1572 748 1636 hic
762 1588 830 1656 post
848 1575 997 1637 meridiem
1016 1573 1110 1636 uitalis
1126 1593 1194 1636 aura
1324 1607 1329 1617 ·

104 1665 238 1747 pinorum
258 1661 377 1724 frondes
397 1681 534 1739 monens,
555 1675 585 1724 et
606 1662 777 1723 uenantium
796 1660 996 1745 Nympharum
1016 1661 1146 1726 alacritas
1165 1673 1195 1724 et

102 1751 168 1813 laeti
180 1750 333 1814 clamores.

141 1841 180 1900 At
193 1837 324 1901 Valerius
342 1836 436 1901 multo
454 1839 547 1919 magis
564 1835 599 1900 ab
621 1836 781 1919 Apollonio
802 1837 935 1913 discedit,
959 1855 1030 1900 cum
1053 1837 1194 1899 lunonem

102 1926 211 1989 inducit
224 1927 359 2008 Dryopae
372 1927 525 2008 Nymphae
539 1924 709 1988 suadentem
723 1939 756 1986 ut
775 1925 869 2008 Hylan
888 1940 966 1988 amet
984 1940 1014 1988 et
1032 1944 1132 1989 secum
1144 1943 1196 1987 att-

103 2015 204 2076 ietat².
220 2014 297 2076 Tum
311 2015 371 2076 Dea
385 2033 506 2076 ceruum
519 2015 650 2085 suscitat,
668 2013 718 2098 qui
737 2011 870 2086 celeriter
886 2013 1007 2076 euolans
1025 2012 1194 2076 adulescen-

103 2103 139 2164 tia
162 2102 382 2165 contentionem
404 2103 434 2165 in
458 2122 490 2164 se
513 2104 599 2165 uertit
620 2116 650 2164 et
674 2101 770 2185 Hylan
793 2103 941 2186 praecipiti
963 2122 1050 2165 cursu
1074 2114 1142 2184 post
1163 2119 1196 2162 se

103 2190 199 2260 trahit,
215 2190 310 2253 donec
324 2204 447 2253 uenator
460 2188 599 2253 anhelans
613 2190 649 2253 ad
662 2190 776 2253 iontem
789 2189 911 2266 accedit,
930 2192 1013 2254 cuius
1027 2189 1196 2252 marmoreis

104 2278 271 2362 frigidisque
280 2278 365 2341 undis
375 2279 545 2342 delectatur.
563 2280 618 2342 Hie
631 2292 773 2363 quantum
788 2279 874 2342 ambo
889 2293 993 2362 poetae
1010 2279 1086 2341 inter
1104 2298 1137 2341 se
1154 2276 1198 2340 di·

103 2379 180 2429 stent
192 2367 354 2430 discernere
367 2366 445 2434 licet.
466 2369 541 2431 Nam
559 2366 702 2446 Valerius,
718 2369 772 2430 etsi
786 2387 833 2431 res
851 2368 935 2431 aliter
952 2367 1145 2451 disposuerat,
1159 2365 1195 2430 ad

104 2454 228 2518 eundem
256 2453 369 2518 iontem
396 2455 492 2540 Hylan
518 2455 649 2533 adduxit,
677 2476 738 2540 qun
767 2457 893 2539 primum
919 2453 1093 2539 Apollonius
1119 2453 1196 2518 hunc

1334 805 1336 810 ι
1444 768 1466 802 ·'

1298 956 1308 966 ι
1446 772 1482 1057 ¹!

1446 994 1455 1046 ²1

1387 1055 1390 1062 ⁴
1452 1053 1460 1072 a

1448 1100 1466 1116 ale

1450 1247 1482 1318 lta

1450 1323 1482 1362 2⁴¹,

103 1391 240 1462 Valerius
253 1396 372 1481 quidem
395 1399 547 1462 materiam
572 1396 694 1460 ieliciter
717 1395 866 1476 distinxit;
891 1416 944 1461 nec
970 1411 1066 1460 tamen
1091 1395 1195 1460 endem
1308 1403 1314 1413 ’

102 2543 317 2607 adulescentem
339 2544 377 2607 ad
399 2544 586 2609 hauriendam
612 2564 719 2632 aquam
746 2545 874 2612 miserat.
898 2547 937 2608 At
958 2546 1087 2610 Graecos
1110 2557 1196 2629 poett
1317 2511 1358 2636 ζ’
1395 2530 1413 2540 ”
1451 2547 1456 2621 ἶ

60 2675 62 2679 -
104 2653 217 2696 summa
241 2631 394 2716 elegantia,
419 2633 515 2696 subtili
538 2633 623 2711 stilo,
648 2634 729 2698 omni
757 2649 860 2698 omaro
887 2632 1026 2698 orationis
1048 2632 1194 2711 detracto,

104 2721 254 2805 Nymphae
269 2722 447 2806 Ephydatiae
461 2722 591 2809 depingit
604 2743 717 2800 sensus,
734 2744 801 2787 cum
810 2723 912 2787 mediis
922 2743 958 2786 er
967 2722 1065 2800 undis,
1074 2740 1195 2806 puerunt

104 2810 230 2874 aduersis
243 2810 329 2875 lunae
343 2812 429 2877 radiis
442 2811 634 2896 offulgentem
648 2813 788 2897 conspicit
802 2827 831 2876 et
844 2813 972 2876 intuetur
1014 2869 1019 2878 ,
1128 2881 1131 2888 ,

327 2995 470 3084 ιιᾶὶιλιῖικιὶ
481 2982 627 3086 pluaappimu
642 2992 725 3085 ipruld
744 3016 796 3051 nou
810 2999 960 3086 gppltanate,

328 3087 388 3140 προς
402 3087 449 3142 γαρ
463 3069 487 3123 ol
501 3069 629 3143 διχομηνις
644 3067 690 3124 an’
706 3070 799 3142 aalipor
813 3067 954 3142 euydtouaa

329 3138 406 3210 βόλλι
420 3138 553 3208 σιληναίη)
556 3177 608 3197 .....

141 3327 260 3390 Mollior
273 3328 391 3412 quidem
404 3329 454 3393 illa
466 3330 539 3417 rapti
554 3331 636 3414 pueri
656 3344 686 3394 et
705 3331 842 3415 rapientis
861 3330 975 3414 puellae
987 3332 1088 3418 imago
1102 3330 1195 3394 oculis
1316 3403 1319 3409 ,

105 3415 209 3478 nostris
220 3416 350 3480 subiecta
363 3433 408 3480 est
427 3438 513 3502 qoam
534 3421 558 3482 si
579 3419 644 3504 quis
664 3418 767 3482 artifex
787 3419 840 3482 has
861 3418 978 3482 easdem
999 3441 1045 3484 res
1066 3420 1197 3504 pingeret
1248 3433 1250 3438 ’

104 3502 152 3564 uel
172 3503 312 3582 caelaret;
337 3505 433 3570 nullus
456 3507 533 3570 enim
552 3521 652 3571 motus
673 3527 780 3592 prauus
800 3521 851 3571 aut
872 3507 976 3572 dubius
990 3508 1119 3587 uidetur,
1132 3509 1195 3571 siue

14 3671 15 3680 ἵ
104 3593 193 3673 Hylas
205 3594 322 3658 acclinis
335 3595 371 3658 ad
385 3595 493 3659 undam
507 3617 609 3678 umam
628 3597 755 3681 inuergit
776 3615 853 3681 quae
874 3617 964 3662 rauco
978 3615 1127 3662 murmure
1140 3597 1196 3660 im·

65 3728 69 3733 .
104 3679 208 3760 pletur,
232 3686 295 3746 siue
322 3683 420 3746 diuina
446 3685 542 3768 uirgo,
571 3684 721 3749 basiomm
748 3685 845 3763 auida,
873 3687 969 3770 Hylan
996 3687 1082 3772 rapit,
1110 3702 1196 3770 sopra

103 3765 294 3835 adulescentis
307 3773 452 3835 ceruicem
466 3773 612 3838 sinistrant
626 3793 746 3838 manum
759 3775 912 3859 porrigens
924 3790 956 3840 et
974 3775 1095 3840 dextera
1114 3771 1195 3838 alteri

105 3855 167 3921 eius
178 3856 314 3924 bracchio
328 3859 491 3924 inhaerens.
848 3893 851 3901 ·

132 4075 213 4120 nun.
222 4077 313 4135 amn„
322 4079 363 4134 nt,
374 4091 416 4136 521.
702 4061 1053 4139 ;.am=.aip·,r,m,qq.

131 4146 358 4209 ammmm

1451 1394 1482 1897 ι

1451 1941 1483 2699 l
