2970 4802
565 249 781 318 ...75..

406 423 481 440 .....
489 381 567 440 liaud
580 379 657 436 aliter
668 378 749 436 saltus
774 389 926 450 uastatique
939 379 1032 452 pernix

299 451 418 508 Venator
430 469 493 508 curn
506 451 587 508 lustra
601 449 670 524 sugit
682 419 847 522 domlooque
859 453 999 504 timentem

299 521 385 596 Urget
395 539 504 596 equum,
519 535 622 607 teneras
634 536 802 647 compressus
816 531 922 592 pectore
936 521 1027 592 tigres,

299 593 375 658 Quas
388 605 445 649 astu
459 595 545 666 rapuit
558 591 675 666 pau1d03
708 607 754 646 um
768 606 847 647 saeua
860 589 958 646 relictis

299 663 384 722 Mater
397 664 425 720 in
439 664 550 720 aduerso
564 661 656 719 catulis
670 673 783 719 uersatur
795 663 931 720 Amnon

166 841 270 922 Saepe,
293 857 360 900 cum
384 838 419 900 ad
441 857 586 901 summam
608 836 722 900 dicendi
744 837 964 900 contentionem
991 832 1158 919 impellitur,
1182 852 1219 896 ex

127 926 251 992 heroicis
264 925 367 990 lahulis
380 927 521 1012 imagines
535 925 615 989 ducit
627 949 635 1002 ;
651 925 755 1010 inquo
773 943 805 988 se
822 924 1003 988 demonstrat
1021 941 1130 1007 magno
1144 921 1222 985 litte·
1291 925 1294 934 “

127 1035 222 1079 rarum
236 1013 356 1078 flumine
373 1015 517 1078 imbutum
535 1029 564 1077 et
578 1016 609 1076 in
622 1014 881 1076 diuersissimarum
896 1012 981 1076 huius
996 1011 1111 1096 generis
1123 1029 1220 1074 rerum
1316 1019 1326 1030 ·
1428 1029 1433 1037 ·

127 1103 327 1187 cognitionem
341 1103 455 1185 penitus
469 1103 620 1166 intrauisse
632 1125 641 1180 ;
655 1102 706 1166 sed
719 1100 881 1165 eruditione
898 1101 953 1164 ista
971 1114 1120 1186 tamquam
1136 1118 1223 1163 orna-

127 1191 232 1255 mentis
245 1192 336 1253 utitur
348 1211 442 1277 neque
454 1209 519 1254 earn
533 1191 606 1254 tanti
620 1191 755 1255 aestimat
768 1189 867 1275 quanti
880 1188 1066 1273 Apollonius.
1082 1187 1130 1250 Sic
1142 1188 1222 1250 iaso-
1309 1189 1312 1196 ⁴

127 1299 195 1343 nem
208 1298 276 1340 cum
290 1279 472 1362 Endymione
486 1277 621 1356 confert3
636 1278 695 1342 hoc
713 1297 783 1341 sane
802 1276 838 1339 ab
855 1275 1015 1360 Apollonio
1035 1275 1156 1338 detorsit
1171 1271 1221 1356 qui
1325 1319 1329 1326 .

126 1365 263 1430 Phoeben
285 1365 406 1428 finxerat
428 1380 558 1428 amantes
581 1365 762 1429 deridentem
785 1375 815 1427 et
837 1365 892 1428 sibi
913 1365 1006 1445 ipsam
1028 1361 1221 1446 gratulantem

127 1453 207 1539 quod
220 1471 280 1516 non
294 1453 357 1514 sola
374 1454 477 1516 Amori
495 1452 631 1530 cederet;
646 1451 696 1515 sed
717 1464 824 1538 quanta
842 1465 904 1513 arte
917 1450 998 1535 quod
1017 1447 1222 1512 tantummodo

127 1541 242 1626 elegans
256 1553 286 1604 et
298 1539 424 1604 facetum
437 1554 499 1602 erat
511 1540 614 1604 extulit
626 1543 634 1603 l
649 1542 756 1616 Immo,
771 1559 833 1602 rem
847 1552 942 1602 totam
955 1537 1133 1601 immutauit.

301 1723 398 1793 Qualis
411 1724 498 1781 adhuc
511 1726 608 1798 sparsis
620 1727 750 1780 comitum
764 1740 812 1797 per
826 1722 907 1780 lustra
919 1720 1032 1780 muniit

300 1795 420 1852 Latmius
434 1799 533 1851 aestiua
547 1795 642 1851 residet
655 1807 767 1850 uenator
781 1797 807 1848 in
823 1794 927 1861 umbra,

302 1866 408 1938 Dignus
422 1881 515 1921 amore
528 1865 611 1932 Deae,
625 1863 719 1920 uelatis
733 1863 859 1920 cornibus
872 1874 899 1919 et
912 1863 966 1920 iam

301 1935 379 1992 huna
392 1937 482 2004 uenit;
497 1951 575 1992 roseo
588 1933 648 1991 talis
679 1952 708 1990 er
721 1933 813 1990 nubila
827 1934 923 1990 ductor

299 2004 396 2079 Implet
409 2005 512 2062 honore
525 2021 620 2062 nemus
669 2021 764 2080 emque
778 2015 909 2078 exspectat
921 2009 1082 2060 amantem&

128 2181 260 2264 Denique
283 2181 338 2245 Dei
351 2182 398 2244 uel
425 2181 524 2245 herois
551 2181 702 2244 cuiusdam
729 2181 886 2264 imaginem
913 2176 1057 2242 interdum
1084 2177 1223 2256 suscitat;

129 2269 215 2331 Marti
233 2269 393 2354 quiescenti
410 2290 492 2352 pares
507 2269 580 2332 ‘facit
593 2267 741 2332 Pollucem
756 2281 786 2330 et
803 2270 960 2349 Amycum,
976 2267 1007 2328 in
1020 2263 1119 2328 medio
1134 2278 1226 2327 certa-

129 2357 206 2418 mine
220 2358 335 2420 animos
348 2368 548 2440 reparantes¹;
562 2355 708 2438 Typhoeo
723 2370 833 2418 temere
847 2356 877 2416 in
895 2353 1058 2436 Olympum
1077 2351 1223 2414 inuadcntl

128 2443 315 2505 adsimulatur
330 2446 471 2525 Amycus,
490 2458 576 2528 atque
596 2443 667 2503 haec
685 2459 731 2504 res
749 2441 841 2503 fusius
860 2439 1004 2522 descripte
1021 2438 1228 2522 antiquissimo

128 2528 266 2591 Titanum
280 2529 399 2591 saeculo
413 2530 611 2612 magnitudine
625 2527 742 2591 uidetur
754 2545 818 2589 esse
831 2546 903 2609 par;
917 2547 979 2588 uon
997 2527 1075 2588 enim
1093 2525 1165 2588 citra
1182 2523 1227 2606 lp·

127 2635 190 2679 sarn
212 2615 430 2678 similitudinem
456 2615 639 2681 contrahitur
664 2628 771 2699 poetae
790 2615 952 2697 ingenium,
967 2605 1026 2678 sed
1040 2610 1099 2676 late
1120 2609 1226 2674 diffun-
1344 2665 1367 2676 -

128 2703 215 2791 ditur.

266 2851 328 2907 Non
342 2850 418 2907 aliter
430 2849 484 2906 iam
499 2869 580 2925 regna
593 2850 660 2926 poli,
676 2855 730 2908 lam
744 2864 820 2924 capta
833 2851 981 2924 Typhoeus

266 2922 345 2977 Astra
359 2920 454 2990 ferens,
470 2923 605 2979 Bacchum
619 2932 680 2978 ante
694 2925 764 2978 acies
777 2924 945 2996 primamque
959 2921 1086 2988 Deorum

267 2990 374 3047 Pallada
388 3002 415 3046 et
428 2993 567 3066 oppositos
580 2992 667 3048 doluit
679 2993 730 3048 sihi
743 2990 856 3066 uirginis
869 2998 998 3064 arguett.

129 3166 170 3226 lta
179 3163 332 3247 Typhonis
347 3179 376 3228 et
390 3168 516 3229 Hecates
530 3179 559 3228 et
573 3167 619 3228 lus
628 3178 659 3228 et
668 3164 907 3248 Cybelesetlnus
919 3177 949 3227 et
962 3163 1033 3228 Icari
1047 3163 1225 3247 Daedalique

128 3265 158 3315 et
171 3251 331 3316 multorum
344 3252 469 3316 aliorum
484 3253 603 3334 nomina
615 3251 735 3316 adsidue
753 3253 784 3316 in
798 3251 860 3316 eius
878 3252 1009 3316 uersibus
1028 3249 1224 3334 praelucens.

128 3338 196 3402 inde
210 3339 243 3403 fit
257 3354 290 3403 ut
301 3340 409 3404 Valerii
428 3341 541 3404 animus
559 3341 590 3402 in
609 3339 738 3424 amplum
756 3353 786 3404 et
802 3339 985 3423 splendidum
1004 3334 1120 3404 dicendi
1133 3357 1226 3422 genus

127 3441 211 3489 exeat
224 3441 254 3489 et
267 3427 532 3509 magnificepotius
545 3426 674 3491 exundet
686 3447 774 3510 quam
787 3427 862 3490 iutra
870 3425 912 3488 rei
922 3427 1011 3508 ipsius
1020 3425 1226 3489 describendae

126 3513 267 3574 terminos
281 3512 545 3576 circumscribatur.
880 3579 883 3584 ,
975 3529 977 3534 ·
1010 3565 1012 3570 .
1123 3547 1127 3555 -
1212 3512 1215 3519 ’

155 3729 173 3762 Ι.
182 3717 331 3776 vstraque,
344 3720 362 3772 ι,
375 3721 415 3775 4.,
424 3733 470 3778 Ἢ·
478 3741 506 3753 ““
514 3719 551 3766 cto
560 3720 590 3762 Ἡ

127 3780 148 3813 et
157 3771 233 3816 Ιιιιι
246 3771 277 3814 Da
288 3775 330 3815 elta
337 3773 392 3816 aslis
403 3786 457 3830 opus
468 3785 493 3816 ea
501 3785 543 3830 quo
555 3774 574 3816 V

127 3822 186 3878 plara
194 3825 330 3883 deprompsit.
340 3824 395 3882 Vide
402 3839 466 3884 repra
474 3839 520 3882 cap.
530 3825 569 3877 lll,
575 3840 597 3883 p.

127 3892 130 3899 '
153 3905 174 3938 a.
184 3891 296 3948 lnam.
305 3907 373 3953 apos.
382 3917 410 3932 -
422 3896 459 3942 ci.
468 3897 559 3948 uota..
568 3895 607 3948 Ν,
622 3906 649 3950 5⁴
700 3877 798 3980 vpffip
808 3876 848 3928 ¹112
860 3888 912 3930 tto.
924 3875 965 3929 Vl.
982 3883 1035 3930 star
1048 3873 1100 3928 vu.
1112 3886 1154 3953 rra,
1167 3875 1206 3931 ‘tt

127 3955 175 4003 nr·
407 3980 409 3985 .
547 3959 549 3964 ,
609 3970 610 3973 η
803 3927 894 3984 thret·

618 3733 631 3772 4
731 3731 750 3774 5.
760 3719 802 3772 la..
812 3718 850 3772 w,
860 3730 907 3774 m.

607 3733 616 3762 Ι

576 3731 652 3870 ‘lali
727 3798 906 3862 tremunt.

597 4161 753 4188 ειμι-
