<?xml version="1.0" encoding="UTF-8"?>
<!DOCTYPE html PUBLIC "-//W3C//DTD XHTML 1.0 Transitional//EN"
    "http://www.w3.org/TR/xhtml1/DTD/xhtml1-transitional.dtd">
<html xmlns="http://www.w3.org/1999/xhtml" xml:lang="en" lang="en">
 <head>
  <title>
</title>
<meta http-equiv="Content-Type" content="text/html;charset=utf-8" />
  <meta name='ocr-system' content='tesseract 3.04.00' />
  <meta name='ocr-capabilities' content='ocr_page ocr_carea ocr_par ocr_line ocrx_word'/>
</head>
<body>
  <div class='ocr_page' id='page_1' title='image "./devalerioflacco00harmgoog_0101.png"; bbox 0 0 2970 4802; ppageno 0'>
   <div class='ocr_carea' id='block_1_1' title="bbox 113 400 1205 669">
    <p class='ocr_par' dir='ltr' id='par_1_1' title="bbox 113 400 1205 669">
     <span class='ocr_line' id='line_1_1' title="bbox 115 400 1205 492; baseline -0.001 -23"><span class='ocrx_word' id='word_1_1' title='bbox 115 405 338 492; x_wconf 69' lang='lat' dir='ltr'>praesentientes</span> <span class='ocrx_word' id='word_1_2' title='bbox 349 417 378 468; x_wconf 90' lang='lat' dir='ltr'>et</span> <span class='ocrx_word' id='word_1_3' title='bbox 390 403 427 468; x_wconf 84' lang='lat' dir='ltr'>ed</span> <span class='ocrx_word' id='word_1_4' title='bbox 439 424 537 467; x_wconf 83' lang='lat' dir='ltr'>mmos</span> <span class='ocrx_word' id='word_1_5' title='bbox 551 401 773 488; x_wconf 62' lang='lat' dir='ltr'>confugientem</span> <span class='ocrx_word' id='word_1_6' title='bbox 790 400 896 487; x_wconf 88' lang='lat' dir='ltr'>nempe</span> <span class='ocrx_word' id='word_1_7' title='bbox 904 404 1041 468; x_wconf 84' lang='lat' dir='ltr'>Venuaet</span> <span class='ocrx_word' id='word_1_8' title='bbox 1050 401 1163 480; x_wconf 85' lang='lat' dir='ltr'>Medea,</span> <span class='ocrx_word' id='word_1_9' title='bbox 1173 403 1205 467; x_wconf 91' lang='lat' dir='ltr'>in</span> 
     </span>
     <span class='ocr_line' id='line_1_2' title="bbox 113 491 1205 669; baseline -0.002 -111"><span class='ocrx_word' id='word_1_10' title='bbox 113 492 361 669; x_wconf 52' lang='lat' dir='ltr'>pqpqpipqsrpeqtqpn</span> <span class='ocrx_word' id='word_1_11' title='bbox 375 493 486 576; x_wconf 88' lang='lat' dir='ltr'>proelia</span> <span class='ocrx_word' id='word_1_12' title='bbox 498 491 683 577; x_wconf 88' lang='lat' dir='ltr'>conspiciunt</span> <span class='ocrx_word' id='word_1_13' title='bbox 697 505 727 555; x_wconf 92' lang='lat' dir='ltr'>et</span> <span class='ocrx_word' id='word_1_14' title='bbox 739 491 804 556; x_wconf 89' lang='lat' dir='ltr'>litui</span> <span class='ocrx_word' id='word_1_15' title='bbox 812 491 981 577; x_wconf 76' lang='lat' dir='ltr'>clangorem</span> <span class='ocrx_word' id='word_1_16' title='bbox 989 491 1105 614; x_wconf 67' lang='grc' dir='ltr'><strong>ιιιηἹιιιι</strong></span> <span class='ocrx_word' id='word_1_17' title='bbox 1113 491 1205 578; x_wconf 83' lang='lat' dir='ltr'>perci·</span> 
     </span>
    </p>
   </div>
   <div class='ocr_carea' id='block_1_2' title="bbox 232 709 1049 897">
    <p class='ocr_par' dir='ltr' id='par_1_2' title="bbox 232 709 1049 897">
     <span class='ocr_line' id='line_1_3' title="bbox 232 709 1049 826; baseline 0.001 -20"><span class='ocrx_word' id='word_1_18' title='bbox 232 789 235 797; x_wconf 41' lang='grc' dir='ltr'><strong>ι</strong></span> <span class='ocrx_word' id='word_1_19' title='bbox 292 748 394 817; x_wconf 82' lang='lat' dir='ltr'>Quales</span> <span class='ocrx_word' id='word_1_20' title='bbox 407 751 511 808; x_wconf 85' lang='lat' dir='ltr'>instanti</span> <span class='ocrx_word' id='word_1_21' title='bbox 525 751 680 808; x_wconf 81' lang='lat' dir='ltr'><strong>nimborum</strong></span> <span class='ocrx_word' id='word_1_22' title='bbox 694 748 793 826; x_wconf 85' lang='lat' dir='ltr'>lrlgore</span> <span class='ocrx_word' id='word_1_23' title='bbox 806 761 920 808; x_wconf 85' lang='lat' dir='ltr'>maestae</span> <span class='ocrx_word' id='word_1_24' title='bbox 964 725 966 728; x_wconf 16' lang='grc' dir='ltr'>Ι</span> <span class='ocrx_word' id='word_1_25' title='bbox 1028 709 1049 806; x_wconf 29' lang='grc' dir='ltr'>,Ι</span> 
     </span>
     <span class='ocr_line' id='line_1_4' title="bbox 293 821 980 897; baseline 0 -17"><span class='ocrx_word' id='word_1_26' title='bbox 293 821 444 880; x_wconf 83' lang='lat' dir='ltr'>Succedunt</span> <span class='ocrx_word' id='word_1_27' title='bbox 457 821 537 880; x_wconf 78' lang='lat' dir='ltr'>nmis</span> <span class='ocrx_word' id='word_1_28' title='bbox 549 821 711 897; x_wconf 75' lang='lat' dir='ltr'>hamentque</span> <span class='ocrx_word' id='word_1_29' title='bbox 721 837 822 896; x_wconf 82' lang='lat' dir='ltr'>pnuote</span> <span class='ocrx_word' id='word_1_30' title='bbox 835 821 980 880; x_wconf 60' lang='lat' dir='ltr'>onlnem.</span> 
     </span>
    </p>
   </div>
   <div class='ocr_carea' id='block_1_3' title="bbox 110 937 1327 1153">
    <p class='ocr_par' dir='ltr' id='par_1_3' title="bbox 110 937 1327 1153">
     <span class='ocr_line' id='line_1_5' title="bbox 111 937 1327 1064; baseline 0 -21"><span class='ocrx_word' id='word_1_31' title='bbox 111 981 171 1045; x_wconf 91' lang='lat' dir='ltr'>illic</span> <span class='ocrx_word' id='word_1_32' title='bbox 192 977 295 1043; x_wconf 84' lang='lat' dir='ltr'>Medea</span> <span class='ocrx_word' id='word_1_33' title='bbox 318 998 387 1042; x_wconf 89' lang='lat' dir='ltr'>cum</span> <span class='ocrx_word' id='word_1_34' title='bbox 404 979 508 1063; x_wconf 88' lang='lat' dir='ltr'>pauida</span> <span class='ocrx_word' id='word_1_35' title='bbox 527 977 664 1043; x_wconf 88' lang='lat' dir='ltr'>columba</span> <span class='ocrx_word' id='word_1_36' title='bbox 682 993 867 1062; x_wconf 85' lang='lat' dir='ltr'>comparetur</span> <span class='ocrx_word' id='word_1_37' title='bbox 893 998 967 1063; x_wconf 85' lang='lat' dir='ltr'>qnae</span> <span class='ocrx_word' id='word_1_38' title='bbox 989 996 1043 1064; x_wconf 93' lang='lat' dir='ltr'>pro</span> <span class='ocrx_word' id='word_1_39' title='bbox 1067 937 1204 1062; x_wconf 80' lang='lat' dir='ltr'>eccipltte</span> <span class='ocrx_word' id='word_1_40' title='bbox 1316 1023 1327 1034; x_wconf 82' lang='lat'>-</span> 
     </span>
     <span class='ocr_line' id='line_1_6' title="bbox 110 1067 857 1153; baseline -0.004 -21"><span class='ocrx_word' id='word_1_41' title='bbox 110 1069 236 1152; x_wconf 82' lang='lat' dir='ltr'>fugiens,</span> <span class='ocrx_word' id='word_1_42' title='bbox 250 1087 311 1153; x_wconf 88' lang='lat' dir='ltr'>qno</span> <span class='ocrx_word' id='word_1_43' title='bbox 325 1081 473 1151; x_wconf 80' lang='lat' dir='ltr'>properet,</span> <span class='ocrx_word' id='word_1_44' title='bbox 487 1068 595 1130; x_wconf 89' lang='lat' dir='ltr'>timore</span> <span class='ocrx_word' id='word_1_45' title='bbox 608 1067 741 1151; x_wconf 86' lang='lat' dir='ltr'>perculsa</span> <span class='ocrx_word' id='word_1_46' title='bbox 754 1067 857 1130; x_wconf 89' lang='lat' dir='ltr'>nescit.</span> 
     </span>
    </p>
   </div>
   <div class='ocr_carea' id='block_1_4' title="bbox 290 1228 1147 1525">
    <p class='ocr_par' dir='ltr' id='par_1_4' title="bbox 293 1228 973 1310">
     <span class='ocr_line' id='line_1_7' title="bbox 293 1228 973 1310; baseline -0.003 -18"><span class='ocrx_word' id='word_1_47' title='bbox 293 1237 362 1292; x_wconf 84' lang='lat' dir='ltr'>Ecce</span> <span class='ocrx_word' id='word_1_48' title='bbox 375 1248 464 1292; x_wconf 84' lang='lat' dir='ltr'>eutem</span> <span class='ocrx_word' id='word_1_49' title='bbox 479 1237 590 1310; x_wconf 90' lang='lat' dir='ltr'>pauidae</span> <span class='ocrx_word' id='word_1_50' title='bbox 604 1239 683 1310; x_wconf 89' lang='lat' dir='ltr'>uirgo</span> <span class='ocrx_word' id='word_1_51' title='bbox 696 1236 729 1292; x_wconf 94' lang='lat' dir='ltr'>de</span> <span class='ocrx_word' id='word_1_52' title='bbox 742 1251 818 1292; x_wconf 86' lang='lat' dir='ltr'>more</span> <span class='ocrx_word' id='word_1_53' title='bbox 832 1228 973 1291; x_wconf 86' lang='lat' dir='ltr'>columbae</span> 
     </span>
    </p>

    <p class='ocr_par' dir='ltr' id='par_1_5' title="bbox 291 1307 1006 1384">
     <span class='ocr_line' id='line_1_8' title="bbox 291 1307 1006 1384; baseline 0.001 -22"><span class='ocrx_word' id='word_1_54' title='bbox 291 1308 370 1375; x_wconf 87' lang='lat' dir='ltr'>Quae</span> <span class='ocrx_word' id='word_1_55' title='bbox 384 1324 464 1381; x_wconf 89' lang='lat' dir='ltr'>super</span> <span class='ocrx_word' id='word_1_56' title='bbox 476 1311 577 1384; x_wconf 89' lang='lat' dir='ltr'>ingenti</span> <span class='ocrx_word' id='word_1_57' title='bbox 592 1307 752 1364; x_wconf 88' lang='lat' dir='ltr'>circumdata</span> <span class='ocrx_word' id='word_1_58' title='bbox 767 1310 897 1381; x_wconf 78' lang='lat' dir='ltr'>praepetis</span> <span class='ocrx_word' id='word_1_59' title='bbox 911 1307 1006 1363; x_wconf 83' lang='lat' dir='ltr'>umbre</span> 
     </span>
    </p>

    <p class='ocr_par' dir='ltr' id='par_1_6' title="bbox 290 1377 1147 1525">
     <span class='ocr_line' id='line_1_9' title="bbox 290 1377 1147 1454; baseline 0 -19"><span class='ocrx_word' id='word_1_60' title='bbox 290 1381 322 1436; x_wconf 92' lang='lat' dir='ltr'>ln</span> <span class='ocrx_word' id='word_1_61' title='bbox 335 1395 531 1454; x_wconf 85' lang='lat' dir='ltr'>quemcumque</span> <span class='ocrx_word' id='word_1_62' title='bbox 542 1391 658 1436; x_wconf 83' lang='lat' dir='ltr'>trentetu</span> <span class='ocrx_word' id='word_1_63' title='bbox 672 1379 812 1435; x_wconf 87' lang='lat' dir='ltr'>hominem</span> <span class='ocrx_word' id='word_1_64' title='bbox 826 1379 912 1447; x_wconf 74' lang='lat' dir='ltr'>cedit3</span> <span class='ocrx_word' id='word_1_65' title='bbox 927 1377 998 1434; x_wconf 80' lang='lat' dir='ltr'>houd</span> <span class='ocrx_word' id='word_1_66' title='bbox 1012 1393 1089 1436; x_wconf 87' lang='lat' dir='ltr'>secus</span> <span class='ocrx_word' id='word_1_67' title='bbox 1102 1377 1147 1435; x_wconf 87' lang='lat' dir='ltr'>iila</span> 
     </span>
     <span class='ocr_line' id='line_1_10' title="bbox 291 1451 892 1525; baseline 0.003 -19"><span class='ocrx_word' id='word_1_68' title='bbox 291 1451 358 1506; x_wconf 83' lang='lat' dir='ltr'>Acta</span> <span class='ocrx_word' id='word_1_69' title='bbox 373 1453 471 1507; x_wconf 88' lang='lat' dir='ltr'>timore</span> <span class='ocrx_word' id='word_1_70' title='bbox 483 1451 561 1525; x_wconf 77' lang='lat' dir='ltr'>graui</span> <span class='ocrx_word' id='word_1_71' title='bbox 577 1451 695 1507; x_wconf 87' lang='lat' dir='ltr'>mediam</span> <span class='ocrx_word' id='word_1_72' title='bbox 708 1467 737 1508; x_wconf 89' lang='lat' dir='ltr'>se</span> <span class='ocrx_word' id='word_1_73' title='bbox 749 1453 839 1507; x_wconf 82' lang='lat' dir='ltr'>mleit²</span> <span class='ocrx_word' id='word_1_74' title='bbox 841 1491 892 1508; x_wconf 91' lang='grc'><strong>.....</strong></span> 
     </span>
    </p>
   </div>
   <div class='ocr_carea' id='block_1_5' title="bbox 68 1563 1206 1882">
    <p class='ocr_par' dir='ltr' id='par_1_7' title="bbox 68 1563 1206 1882">
     <span class='ocr_line' id='line_1_11' title="bbox 109 1563 1206 1694; baseline -0.001 -23"><span class='ocrx_word' id='word_1_75' title='bbox 109 1610 172 1671; x_wconf 88' lang='lat' dir='ltr'>Nos</span> <span class='ocrx_word' id='word_1_76' title='bbox 195 1609 234 1671; x_wconf 85' lang='lat' dir='ltr'>ita</span> <span class='ocrx_word' id='word_1_77' title='bbox 254 1563 410 1673; x_wconf 71' lang='lat' dir='ltr'>monemur</span> <span class='ocrx_word' id='word_1_78' title='bbox 432 1611 526 1690; x_wconf 81' lang='lat' dir='ltr'>magis</span> <span class='ocrx_word' id='word_1_79' title='bbox 548 1629 636 1693; x_wconf 86' lang='lat' dir='ltr'>quam</span> <span class='ocrx_word' id='word_1_80' title='bbox 655 1607 842 1672; x_wconf 87' lang='lat' dir='ltr'>delectamur.</span> <span class='ocrx_word' id='word_1_81' title='bbox 864 1608 1016 1671; x_wconf 84' lang='lat' dir='ltr'>Grauitete</span> <span class='ocrx_word' id='word_1_82' title='bbox 1038 1627 1155 1694; x_wconf 91' lang='lat' dir='ltr'>qnoque</span> <span class='ocrx_word' id='word_1_83' title='bbox 1175 1605 1206 1670; x_wconf 91' lang='lat' dir='ltr'>et&#39;</span> 
     </span>
     <span class='ocr_line' id='line_1_12' title="bbox 109 1695 1205 1780; baseline -0.002 -20"><span class='ocrx_word' id='word_1_84' title='bbox 109 1698 207 1775; x_wconf 89' lang='lat' dir='ltr'>lepore</span> <span class='ocrx_word' id='word_1_85' title='bbox 220 1696 306 1780; x_wconf 87' lang='lat' dir='ltr'>plena</span> <span class='ocrx_word' id='word_1_86' title='bbox 319 1697 368 1760; x_wconf 86' lang='lat' dir='ltr'>illa</span> <span class='ocrx_word' id='word_1_87' title='bbox 380 1697 539 1760; x_wconf 86' lang='lat' dir='ltr'>similitudo</span> <span class='ocrx_word' id='word_1_88' title='bbox 554 1699 673 1760; x_wconf 88' lang='lat' dir='ltr'>Veneris</span> <span class='ocrx_word' id='word_1_89' title='bbox 688 1695 821 1759; x_wconf 83' lang='lat' dir='ltr'>Medeam</span> <span class='ocrx_word' id='word_1_90' title='bbox 835 1715 923 1758; x_wconf 88' lang='lat' dir='ltr'>manu</span> <span class='ocrx_word' id='word_1_91' title='bbox 934 1696 1095 1780; x_wconf 74' lang='lat' dir='ltr'>arripienti·</span> <span class='ocrx_word' id='word_1_92' title='bbox 1104 1697 1205 1768; x_wconf 80' lang='lat' dir='ltr'>eteuis</span> 
     </span>
     <span class='ocr_line' id='line_1_13' title="bbox 68 1782 920 1882; baseline -0.002 -35"><span class='ocrx_word' id='word_1_93' title='bbox 68 1860 73 1870; x_wconf 28' lang='grc' dir='ltr'>Ι</span> <span class='ocrx_word' id='word_1_94' title='bbox 110 1783 257 1871; x_wconf 89' lang='lat' dir='ltr'>pullorum</span> <span class='ocrx_word' id='word_1_95' title='bbox 271 1785 383 1868; x_wconf 83' lang='lat' dir='ltr'>primos</span> <span class='ocrx_word' id='word_1_96' title='bbox 396 1784 514 1848; x_wconf 81' lang='lat' dir='ltr'>uolatus</span> <span class='ocrx_word' id='word_1_97' title='bbox 527 1784 630 1848; x_wconf 88' lang='lat' dir='ltr'>sedulo</span> <span class='ocrx_word' id='word_1_98' title='bbox 644 1782 839 1848; x_wconf 84' lang='lat' dir='ltr'>obseruantis.</span> <span class='ocrx_word' id='word_1_99' title='bbox 917 1875 920 1882; x_wconf 33' lang='grc' dir='ltr'>Ι</span> 
     </span>
    </p>
   </div>
   <div class='ocr_carea' id='block_1_6' title="bbox 189 1949 1262 2452">
    <p class='ocr_par' dir='ltr' id='par_1_8' title="bbox 189 1949 1262 2452">
     <span class='ocr_line' id='line_1_14' title="bbox 189 1949 963 2025; baseline -0.003 -14"><span class='ocrx_word' id='word_1_100' title='bbox 189 1981 194 1993; x_wconf 89' lang='grc'><strong><em>·</em></strong></span> <span class='ocrx_word' id='word_1_101' title='bbox 291 1951 387 2018; x_wconf 82' lang='lat' dir='ltr'>Qualis</span> <span class='ocrx_word' id='word_1_102' title='bbox 400 1951 487 2008; x_wconf 88' lang='lat' dir='ltr'>adhoc</span> <span class='ocrx_word' id='word_1_103' title='bbox 501 1965 607 2008; x_wconf 86' lang='lat' dir='ltr'>teneros</span> <span class='ocrx_word' id='word_1_104' title='bbox 620 1967 775 2025; x_wconf 86' lang='lat' dir='ltr'>supremum</span> <span class='ocrx_word' id='word_1_105' title='bbox 786 1949 884 2025; x_wconf 82' lang='lat' dir='ltr'>pallida</span> <span class='ocrx_word' id='word_1_106' title='bbox 894 1951 963 2010; x_wconf 83' lang='lat' dir='ltr'>fetus</span> 
     </span>
     <span class='ocr_line' id='line_1_15' title="bbox 291 2021 1262 2096; baseline 0 -19"><span class='ocrx_word' id='word_1_107' title='bbox 291 2023 376 2080; x_wconf 85' lang='lat' dir='ltr'>Mater</span> <span class='ocrx_word' id='word_1_108' title='bbox 388 2024 422 2079; x_wconf 88' lang='lat' dir='ltr'>ab</span> <span class='ocrx_word' id='word_1_109' title='bbox 435 2021 540 2080; x_wconf 76' lang='lat' dir='ltr'>excelso</span> <span class='ocrx_word' id='word_1_110' title='bbox 555 2023 678 2096; x_wconf 83' lang='lat' dir='ltr'>produxit</span> <span class='ocrx_word' id='word_1_111' title='bbox 692 2025 720 2077; x_wconf 90' lang='lat' dir='ltr'>ln</span> <span class='ocrx_word' id='word_1_112' title='bbox 733 2038 795 2078; x_wconf 84' lang='lat' dir='ltr'>aera</span> <span class='ocrx_word' id='word_1_113' title='bbox 808 2023 883 2091; x_wconf 90' lang='lat' dir='ltr'>nido,</span> <span class='ocrx_word' id='word_1_114' title='bbox 1196 2084 1198 2089; x_wconf 48' lang='grc'><strong>,</strong></span> <span class='ocrx_word' id='word_1_115' title='bbox 1257 2049 1262 2055; x_wconf 91' lang='grc'><em>·</em></span> 
     </span>
     <span class='ocr_line' id='line_1_16' title="bbox 290 2093 1055 2169; baseline -0.001 -18"><span class='ocrx_word' id='word_1_116' title='bbox 290 2095 469 2169; x_wconf 84' lang='lat' dir='ltr'>Hortaturque</span> <span class='ocrx_word' id='word_1_117' title='bbox 482 2097 556 2168; x_wconf 90' lang='lat' dir='ltr'>sequi</span> <span class='ocrx_word' id='word_1_118' title='bbox 570 2095 745 2168; x_wconf 81' lang='lat' dir='ltr'>breuibusque</span> <span class='ocrx_word' id='word_1_119' title='bbox 759 2093 896 2166; x_wconf 76' lang='lat' dir='ltr'>insurgere</span> <span class='ocrx_word' id='word_1_120' title='bbox 909 2095 1008 2168; x_wconf 87' lang='lat' dir='ltr'>pinnis,</span> <span class='ocrx_word' id='word_1_121' title='bbox 1052 2111 1055 2122; x_wconf 94' lang='lat'><em>·</em></span> 
     </span>
     <span class='ocr_line' id='line_1_17' title="bbox 290 2164 1124 2252; baseline -0.007 -29"><span class='ocrx_word' id='word_1_122' title='bbox 290 2164 355 2223; x_wconf 87' lang='lat' dir='ltr'>illos</span> <span class='ocrx_word' id='word_1_123' title='bbox 368 2165 481 2252; x_wconf 69' lang='lat' dir='ltr'>coerulei</span> <span class='ocrx_word' id='word_1_124' title='bbox 495 2169 597 2240; x_wconf 86' lang='lat' dir='ltr'>primns</span> <span class='ocrx_word' id='word_1_125' title='bbox 611 2164 671 2221; x_wconf 89' lang='lat' dir='ltr'>ierit</span> <span class='ocrx_word' id='word_1_126' title='bbox 684 2166 781 2222; x_wconf 86' lang='lat' dir='ltr'>horror</span> <span class='ocrx_word' id='word_1_127' title='bbox 794 2164 917 2252; x_wconf 87' lang='lat' dir='ltr'>Olympi,</span> <span class='ocrx_word' id='word_1_128' title='bbox 1123 2179 1124 2182; x_wconf 45' lang='lat'>¹</span> 
     </span>
     <span class='ocr_line' id='line_1_18' title="bbox 290 2235 1041 2381; baseline -0.003 -17"><span class='ocrx_word' id='word_1_129' title='bbox 290 2235 1041 2381; x_wconf 53' lang='lat' dir='ltr'>itttttltttt‘tttlffittttttt“W²</span> 
     </span>
     <span class='ocr_line' id='line_1_19' title="bbox 290 2375 1056 2452; baseline -0.007 -16"><span class='ocrx_word' id='word_1_130' title='bbox 290 2377 418 2436; x_wconf 87' lang='lat' dir='ltr'>incedens</span> <span class='ocrx_word' id='word_1_131' title='bbox 431 2377 574 2452; x_wconf 85' lang='lat' dir='ltr'>horretque</span> <span class='ocrx_word' id='word_1_132' title='bbox 587 2379 685 2435; x_wconf 84' lang='lat' dir='ltr'>domos</span> <span class='ocrx_word' id='word_1_133' title='bbox 698 2379 793 2437; x_wconf 82' lang='lat' dir='ltr'>Medea</span> <span class='ocrx_word' id='word_1_134' title='bbox 806 2375 935 2436; x_wconf 80' lang='lat' dir='ltr'>silenteci.</span> <span class='ocrx_word' id='word_1_135' title='bbox 1048 2393 1056 2431; x_wconf 64' lang='grc' dir='ltr'>η</span> 
     </span>
    </p>
   </div>
   <div class='ocr_carea' id='block_1_7' title="bbox 106 2533 1268 2975">
    <p class='ocr_par' dir='ltr' id='par_1_9' title="bbox 106 2533 1268 2975">
     <span class='ocr_line' id='line_1_20' title="bbox 109 2533 1268 2619; baseline 0.001 -22"><span class='ocrx_word' id='word_1_136' title='bbox 109 2536 229 2619; x_wconf 85' lang='lat' dir='ltr'>Semper</span> <span class='ocrx_word' id='word_1_137' title='bbox 243 2536 279 2599; x_wconf 90' lang='lat' dir='ltr'>ad</span> <span class='ocrx_word' id='word_1_138' title='bbox 292 2537 425 2600; x_wconf 87' lang='lat' dir='ltr'>excelsos</span> <span class='ocrx_word' id='word_1_139' title='bbox 440 2552 469 2601; x_wconf 88' lang='lat' dir='ltr'>ct</span> <span class='ocrx_word' id='word_1_140' title='bbox 482 2537 646 2601; x_wconf 88' lang='lat' dir='ltr'>concitatos</span> <span class='ocrx_word' id='word_1_141' title='bbox 660 2533 782 2600; x_wconf 84' lang='lat' dir='ltr'>affectus</span> <span class='ocrx_word' id='word_1_142' title='bbox 796 2535 949 2615; x_wconf 88' lang='lat' dir='ltr'>euehitur;</span> <span class='ocrx_word' id='word_1_143' title='bbox 965 2537 1071 2600; x_wconf 83' lang='lat' dir='ltr'>furenti</span> <span class='ocrx_word' id='word_1_144' title='bbox 1082 2535 1162 2600; x_wconf 90' lang='lat' dir='ltr'>leoni</span> <span class='ocrx_word' id='word_1_145' title='bbox 1176 2555 1206 2599; x_wconf 89' lang='grc' dir='ltr'>ιιι</span> <span class='ocrx_word' id='word_1_146' title='bbox 1264 2552 1268 2558; x_wconf 69' lang='grc'><em>“</em></span> 
     </span>
     <span class='ocr_line' id='line_1_21' title="bbox 108 2623 1206 2708; baseline 0.002 -22"><span class='ocrx_word' id='word_1_147' title='bbox 108 2623 196 2687; x_wconf 89' lang='lat' dir='ltr'>densa</span> <span class='ocrx_word' id='word_1_148' title='bbox 207 2626 270 2687; x_wconf 90' lang='lat' dir='ltr'>acie</span> <span class='ocrx_word' id='word_1_149' title='bbox 283 2624 384 2688; x_wconf 85' lang='lat' dir='ltr'>similis</span> <span class='ocrx_word' id='word_1_150' title='bbox 398 2637 516 2708; x_wconf 88' lang='lat' dir='ltr'>apparet</span> <span class='ocrx_word' id='word_1_151' title='bbox 529 2627 632 2688; x_wconf 88' lang='lat' dir='ltr'>lason⁴</span> <span class='ocrx_word' id='word_1_152' title='bbox 644 2649 653 2702; x_wconf 90' lang='lat'>;</span> <span class='ocrx_word' id='word_1_153' title='bbox 667 2625 737 2688; x_wconf 86' lang='lat' dir='ltr'>alias</span> <span class='ocrx_word' id='word_1_154' title='bbox 753 2625 843 2698; x_wconf 88' lang='lat' dir='ltr'>canis,</span> <span class='ocrx_word' id='word_1_155' title='bbox 855 2623 933 2688; x_wconf 74' lang='lat' dir='ltr'>rabie</span> <span class='ocrx_word' id='word_1_156' title='bbox 946 2625 1128 2699; x_wconf 89' lang='lat' dir='ltr'>imminente,</span> <span class='ocrx_word' id='word_1_157' title='bbox 1140 2623 1206 2688; x_wconf 89' lang='lat' dir='ltr'>uitl-</span> 
     </span>
     <span class='ocr_line' id='line_1_22' title="bbox 108 2712 1206 2797; baseline 0.003 -25"><span class='ocrx_word' id='word_1_158' title='bbox 108 2731 190 2780; x_wconf 87' lang='lat' dir='ltr'>mum</span> <span class='ocrx_word' id='word_1_159' title='bbox 208 2713 249 2776; x_wconf 92' lang='lat' dir='ltr'>eri</span> <span class='ocrx_word' id='word_1_160' title='bbox 268 2727 388 2796; x_wconf 85' lang='lat' dir='ltr'>penates</span> <span class='ocrx_word' id='word_1_161' title='bbox 409 2713 540 2776; x_wconf 70' lang='lat' dir='ltr'>lustrati.</span> <span class='ocrx_word' id='word_1_162' title='bbox 560 2713 616 2776; x_wconf 82' lang='lat' dir='ltr'>Sed</span> <span class='ocrx_word' id='word_1_163' title='bbox 638 2733 782 2796; x_wconf 84' lang='lat' dir='ltr'>nusquam</span> <span class='ocrx_word' id='word_1_164' title='bbox 803 2713 917 2778; x_wconf 87' lang='lat' dir='ltr'>ielicius</span> <span class='ocrx_word' id='word_1_165' title='bbox 942 2712 1067 2797; x_wconf 88' lang='lat' dir='ltr'>ingenio.</span> <span class='ocrx_word' id='word_1_166' title='bbox 1084 2732 1140 2776; x_wconf 89' lang='lat' dir='ltr'>suo</span> <span class='ocrx_word' id='word_1_167' title='bbox 1162 2725 1206 2775; x_wconf 89' lang='lat' dir='ltr'>est</span> 
     </span>
     <span class='ocr_line' id='line_1_23' title="bbox 109 2797 1207 2886; baseline 0.001 -25"><span class='ocrx_word' id='word_1_168' title='bbox 109 2797 266 2863; x_wconf 88' lang='lat' dir='ltr'>obsecutus</span> <span class='ocrx_word' id='word_1_169' title='bbox 285 2820 372 2884; x_wconf 89' lang='lat' dir='ltr'>qnam</span> <span class='ocrx_word' id='word_1_170' title='bbox 391 2820 459 2863; x_wconf 90' lang='lat' dir='ltr'>cum</span> <span class='ocrx_word' id='word_1_171' title='bbox 478 2799 645 2878; x_wconf 84' lang='lat' dir='ltr'>Herculem,</span> <span class='ocrx_word' id='word_1_172' title='bbox 660 2802 697 2864; x_wconf 92' lang='lat' dir='ltr'>de</span> <span class='ocrx_word' id='word_1_173' title='bbox 717 2801 792 2884; x_wconf 79' lang='lat' dir='ltr'>Hyle</span> <span class='ocrx_word' id='word_1_174' title='bbox 810 2817 896 2886; x_wconf 90' lang='lat' dir='ltr'>rapto</span> <span class='ocrx_word' id='word_1_175' title='bbox 914 2801 1042 2886; x_wconf 79' lang='lat' dir='ltr'>gemitus</span> <span class='ocrx_word' id='word_1_176' title='bbox 1056 2797 1207 2864; x_wconf 82' lang='lat' dir='ltr'>effunden-</span> 
     </span>
     <span class='ocr_line' id='line_1_24' title="bbox 106 2887 1202 2975; baseline 0.001 -25"><span class='ocrx_word' id='word_1_177' title='bbox 106 2900 177 2962; x_wconf 87' lang='lat' dir='ltr'>tem,</span> <span class='ocrx_word' id='word_1_178' title='bbox 193 2903 222 2952; x_wconf 90' lang='lat' dir='ltr'>et</span> <span class='ocrx_word' id='word_1_179' title='bbox 235 2889 410 2974; x_wconf 89' lang='lat' dir='ltr'>halcyonem</span> <span class='ocrx_word' id='word_1_180' title='bbox 424 2889 520 2974; x_wconf 89' lang='lat' dir='ltr'>pullos</span> <span class='ocrx_word' id='word_1_181' title='bbox 534 2890 564 2953; x_wconf 92' lang='lat' dir='ltr'>in</span> <span class='ocrx_word' id='word_1_182' title='bbox 577 2889 701 2953; x_wconf 87' lang='lat' dir='ltr'>linctum</span> <span class='ocrx_word' id='word_1_183' title='bbox 713 2889 868 2955; x_wconf 87' lang='lat' dir='ltr'>immersos</span> <span class='ocrx_word' id='word_1_184' title='bbox 880 2904 1053 2975; x_wconf 86' lang='lat' dir='ltr'>querentem</span> <span class='ocrx_word' id='word_1_185' title='bbox 1062 2887 1202 2974; x_wconf 78' lang='lat' dir='ltr'>depinxit.</span> 
     </span>
    </p>
   </div>
   <div class='ocr_carea' id='block_1_8' title="bbox 262 3054 1030 3344">
    <p class='ocr_par' dir='ltr' id='par_1_10' title="bbox 264 3054 917 3130">
     <span class='ocr_line' id='line_1_25' title="bbox 264 3054 917 3130; baseline -0.002 -17"><span class='ocrx_word' id='word_1_186' title='bbox 264 3055 369 3114; x_wconf 82' lang='lat' dir='ltr'>Fluctus</span> <span class='ocrx_word' id='word_1_187' title='bbox 383 3058 417 3112; x_wconf 84' lang='lat' dir='ltr'>ab</span> <span class='ocrx_word' id='word_1_188' title='bbox 430 3057 554 3112; x_wconf 81' lang='lat' dir='ltr'>undisoni</span> <span class='ocrx_word' id='word_1_189' title='bbox 568 3072 617 3112; x_wconf 88' lang='lat' dir='ltr'>ceu</span> <span class='ocrx_word' id='word_1_190' title='bbox 632 3054 700 3112; x_wconf 85' lang='lat' dir='ltr'>lorte</span> <span class='ocrx_word' id='word_1_191' title='bbox 714 3057 849 3130; x_wconf 89' lang='lat' dir='ltr'>crepidine</span> <span class='ocrx_word' id='word_1_192' title='bbox 863 3059 917 3113; x_wconf 81' lang='lat' dir='ltr'>saal</span> 
     </span>
    </p>

    <p class='ocr_par' dir='ltr' id='par_1_11' title="bbox 264 3123 1007 3202">
     <span class='ocr_line' id='line_1_26' title="bbox 264 3123 1007 3202; baseline 0 -16"><span class='ocrx_word' id='word_1_193' title='bbox 264 3129 335 3186; x_wconf 86' lang='lat' dir='ltr'>Cum</span> <span class='ocrx_word' id='word_1_194' title='bbox 349 3129 417 3202; x_wconf 91' lang='lat' dir='ltr'>rapit</span> <span class='ocrx_word' id='word_1_195' title='bbox 430 3125 574 3202; x_wconf 82' lang='lat' dir='ltr'>halcyonet</span> <span class='ocrx_word' id='word_1_196' title='bbox 587 3129 701 3184; x_wconf 88' lang='lat' dir='ltr'>miserae</span> <span class='ocrx_word' id='word_1_197' title='bbox 714 3123 850 3202; x_wconf 83' lang='lat' dir='ltr'>letumque</span> <span class='ocrx_word' id='word_1_198' title='bbox 863 3128 1007 3202; x_wconf 86' lang='lat' dir='ltr'>laremque,</span> 
     </span>
    </p>

    <p class='ocr_par' dir='ltr' id='par_1_12' title="bbox 262 3200 1030 3344">
     <span class='ocr_line' id='line_1_27' title="bbox 262 3200 1030 3327; baseline -0.003 0"><span class='ocrx_word' id='word_1_199' title='bbox 262 3200 1030 3327; x_wconf 50' lang='lat' dir='ltr'>lffit²fflufftrt⁰tlltll⁰fflt²lt”³⁶¹⁸</span> 
     </span>
     <span class='ocr_line' id='line_1_28' title="bbox 385 3281 1020 3344; baseline -0.002 -2"><span class='ocrx_word' id='word_1_200' title='bbox 385 3285 462 3343; x_wconf 80' lang='lat' dir='ltr'>tt</span> <span class='ocrx_word' id='word_1_201' title='bbox 515 3285 580 3343; x_wconf 88' lang='lat' dir='ltr'>uq</span> <span class='ocrx_word' id='word_1_202' title='bbox 714 3310 722 3337; x_wconf 72' lang='grc' dir='ltr'><strong>ι</strong></span> <span class='ocrx_word' id='word_1_203' title='bbox 790 3281 1020 3344; x_wconf 51' lang='grc' dir='ltr'>911111111ῆῦ8»</span> 
     </span>
    </p>
   </div>
   <div class='ocr_carea' id='block_1_9' title="bbox 261 3338 1050 3469">
    <p class='ocr_par' dir='ltr' id='par_1_13' title="bbox 261 3338 1050 3469">
     <span class='ocr_line' id='line_1_29' title="bbox 261 3338 1050 3466; baseline -0.001 -69"><span class='ocrx_word' id='word_1_204' title='bbox 261 3342 316 3397; x_wconf 83' lang='lat' dir='ltr'>icta</span> <span class='ocrx_word' id='word_1_205' title='bbox 329 3338 426 3396; x_wconf 68' lang='lat' dir='ltr'>[adscit</span> <span class='ocrx_word' id='word_1_206' title='bbox 436 3339 512 3414; x_wconf 84' lang='lat' dir='ltr'>aquis</span> <span class='ocrx_word' id='word_1_207' title='bbox 525 3340 611 3426; x_wconf 74' lang='lat' dir='ltr'>donec</span> <span class='ocrx_word' id='word_1_208' title='bbox 625 3339 722 3395; x_wconf 90' lang='lat' dir='ltr'>domus</span> <span class='ocrx_word' id='word_1_209' title='bbox 736 3339 881 3466; x_wconf 67' lang='lat' dir='ltr'>haustaque</span> <span class='ocrx_word' id='word_1_210' title='bbox 894 3341 978 3398; x_wconf 88' lang='lat' dir='ltr'>liuctu</span> <span class='ocrx_word' id='word_1_211' title='bbox 991 3352 1031 3396; x_wconf 84' lang='lat' dir='ltr'>eet</span> <span class='ocrx_word' id='word_1_212' title='bbox 1042 3357 1050 3397; x_wconf 84' lang='grc' dir='ltr'><strong>ι</strong></span> 
     </span>
     <span class='ocr_line' id='line_1_30' title="bbox 262 3407 902 3469; baseline 0.005 -4"><span class='ocrx_word' id='word_1_213' title='bbox 262 3410 311 3466; x_wconf 90' lang='lat' dir='ltr'>liia</span> <span class='ocrx_word' id='word_1_214' title='bbox 326 3411 419 3467; x_wconf 87' lang='lat' dir='ltr'>dolens</span> <span class='ocrx_word' id='word_1_215' title='bbox 434 3425 531 3465; x_wconf 87' lang='lat' dir='ltr'>nocent</span> <span class='ocrx_word' id='word_1_216' title='bbox 545 3409 617 3466; x_wconf 84' lang='lat' dir='ltr'>dedat</span> <span class='ocrx_word' id='word_1_217' title='bbox 630 3421 657 3465; x_wconf 90' lang='lat' dir='ltr'>et</span> <span class='ocrx_word' id='word_1_218' title='bbox 670 3426 698 3465; x_wconf 93' lang='lat' dir='ltr'>se</span> <span class='ocrx_word' id='word_1_219' title='bbox 712 3409 816 3466; x_wconf 87' lang='lat' dir='ltr'>sustulit</span> <span class='ocrx_word' id='word_1_220' title='bbox 855 3407 902 3469; x_wconf 83' lang='lat' dir='ltr'>ie‘.</span> 
     </span>
    </p>
   </div>
   <div class='ocr_carea' id='block_1_10' title="bbox 106 3563 1295 3919">
    <p class='ocr_par' dir='ltr' id='par_1_14' title="bbox 108 3563 842 3654">
     <span class='ocr_line' id='line_1_31' title="bbox 108 3563 842 3654; baseline 0.01 -28"><span class='ocrx_word' id='word_1_221' title='bbox 108 3563 160 3628; x_wconf 89' lang='lat' dir='ltr'>iiie</span> <span class='ocrx_word' id='word_1_222' title='bbox 172 3566 304 3631; x_wconf 86' lang='lat' dir='ltr'>Valerius</span> <span class='ocrx_word' id='word_1_223' title='bbox 318 3587 388 3631; x_wconf 94' lang='lat' dir='ltr'>uere</span> <span class='ocrx_word' id='word_1_224' title='bbox 401 3583 490 3654; x_wconf 86' lang='lat' dir='ltr'>noua,</span> <span class='ocrx_word' id='word_1_225' title='bbox 505 3585 574 3631; x_wconf 93' lang='lat' dir='ltr'>uere</span> <span class='ocrx_word' id='word_1_226' title='bbox 589 3567 715 3652; x_wconf 87' lang='lat' dir='ltr'>genuina</span> <span class='ocrx_word' id='word_1_227' title='bbox 729 3565 842 3633; x_wconf 74' lang='lat' dir='ltr'>effudit</span> 
     </span>
    </p>

    <p class='ocr_par' dir='ltr' id='par_1_15' title="bbox 106 3652 1295 3919">
     <span class='ocr_line' id='line_1_32' title="bbox 144 3652 1295 3741; baseline 0.001 -25"><span class='ocrx_word' id='word_1_228' title='bbox 144 3655 251 3717; x_wconf 87' lang='lat' dir='ltr'>Raroe</span> <span class='ocrx_word' id='word_1_229' title='bbox 268 3675 365 3719; x_wconf 85' lang='lat' dir='ltr'>rerum</span> <span class='ocrx_word' id='word_1_230' title='bbox 384 3671 487 3718; x_wconf 86' lang='lat' dir='ltr'>natura</span> <span class='ocrx_word' id='word_1_231' title='bbox 505 3655 604 3719; x_wconf 85' lang='lat' dir='ltr'>dulces</span> <span class='ocrx_word' id='word_1_232' title='bbox 622 3655 763 3738; x_wconf 83' lang='lat' dir='ltr'>imagines</span> <span class='ocrx_word' id='word_1_233' title='bbox 782 3654 899 3719; x_wconf 91' lang='lat' dir='ltr'>deducit</span> <span class='ocrx_word' id='word_1_234' title='bbox 911 3678 920 3734; x_wconf 78' lang='lat'>3</span> <span class='ocrx_word' id='word_1_235' title='bbox 934 3656 1051 3741; x_wconf 86' lang='lat' dir='ltr'>qualem</span> <span class='ocrx_word' id='word_1_236' title='bbox 1070 3652 1202 3718; x_wconf 85' lang='lat' dir='ltr'>Medeam</span> <span class='ocrx_word' id='word_1_237' title='bbox 1292 3732 1295 3736; x_wconf 86' lang='lat'>.</span> 
     </span>
     <span class='ocr_line' id='line_1_33' title="bbox 106 3740 1202 3827; baseline 0.005 -28"><span class='ocrx_word' id='word_1_238' title='bbox 106 3740 251 3822; x_wconf 89' lang='lat' dir='ltr'>exprimit,</span> <span class='ocrx_word' id='word_1_239' title='bbox 268 3764 372 3806; x_wconf 86' lang='lat' dir='ltr'>aurora</span> <span class='ocrx_word' id='word_1_240' title='bbox 381 3757 450 3827; x_wconf 92' lang='lat' dir='ltr'>post</span> <span class='ocrx_word' id='word_1_241' title='bbox 463 3744 629 3809; x_wconf 88' lang='lat' dir='ltr'>insomnem</span> <span class='ocrx_word' id='word_1_242' title='bbox 641 3743 760 3807; x_wconf 86' lang='lat' dir='ltr'>nocteni</span> <span class='ocrx_word' id='word_1_243' title='bbox 773 3757 946 3818; x_wconf 85' lang='lat' dir='ltr'>recreatam,</span> <span class='ocrx_word' id='word_1_244' title='bbox 959 3743 1052 3826; x_wconf 88' lang='lat' dir='ltr'>segeti</span> <span class='ocrx_word' id='word_1_245' title='bbox 1064 3741 1202 3819; x_wconf 88' lang='lat' dir='ltr'>similem,</span> 
     </span>
     <span class='ocr_line' id='line_1_34' title="bbox 106 3828 790 3919; baseline 0.009 -30"><span class='ocrx_word' id='word_1_246' title='bbox 106 3828 187 3914; x_wconf 81' lang='lat' dir='ltr'>¹curius</span> <span class='ocrx_word' id='word_1_247' title='bbox 199 3831 303 3894; x_wconf 66' lang='lat' dir='ltr'>arista</span> <span class='ocrx_word' id='word_1_248' title='bbox 316 3831 441 3919; x_wconf 84' lang='lat' dir='ltr'>fecunda</span> <span class='ocrx_word' id='word_1_249' title='bbox 453 3831 553 3915; x_wconf 84' lang='lat' dir='ltr'>pluuia</span> <span class='ocrx_word' id='word_1_250' title='bbox 567 3833 728 3914; x_wconf 87' lang='lat' dir='ltr'>eriguntur.</span> <span class='ocrx_word' id='word_1_251' title='bbox 788 3909 790 3916; x_wconf 18' lang='lat' dir='ltr'>y</span> 
     </span>
    </p>
   </div>
   <div class='ocr_carea' id='block_1_11' title="bbox 43 4053 968 4271">
    <p class='ocr_par' dir='ltr' id='par_1_16' title="bbox 43 4053 968 4271">
     <span class='ocr_line' id='line_1_35' title="bbox 43 4053 932 4128; baseline 0.004 -16"><span class='ocrx_word' id='word_1_252' title='bbox 43 4061 46 4065; x_wconf 44' lang='lat'><em>¹</em></span> <span class='ocrx_word' id='word_1_253' title='bbox 133 4081 151 4114; x_wconf 90' lang='lat' dir='ltr'>t.</span> <span class='ocrx_word' id='word_1_254' title='bbox 161 4071 214 4115; x_wconf 76' lang='lat' dir='ltr'>Vnt..</span> <span class='ocrx_word' id='word_1_255' title='bbox 224 4072 315 4128; x_wconf 69' lang='lat' dir='ltr'>Argen„</span> <span class='ocrx_word' id='word_1_256' title='bbox 326 4070 364 4123; x_wconf 78' lang='lat' dir='ltr'>Vl,</span> <span class='ocrx_word' id='word_1_257' title='bbox 375 4082 421 4126; x_wconf 68' lang='lat' dir='ltr'>tog.</span> <span class='ocrx_word' id='word_1_258' title='bbox 706 4085 726 4123; x_wconf 77' lang='grc'>4.</span> <span class='ocrx_word' id='word_1_259' title='bbox 738 4071 779 4122; x_wconf 88' lang='lat' dir='ltr'>lo.,</span> <span class='ocrx_word' id='word_1_260' title='bbox 789 4069 826 4121; x_wconf 79' lang='lat' dir='ltr'>t&#39;l.</span> <span class='ocrx_word' id='word_1_261' title='bbox 836 4053 875 4124; x_wconf 68' lang='lat' dir='ltr'>‘ip</span> <span class='ocrx_word' id='word_1_262' title='bbox 885 4083 932 4127; x_wconf 82' lang='lat' dir='ltr'>sqq.</span> 
     </span>
     <span class='ocr_line' id='line_1_36' title="bbox 70 4139 968 4200; baseline 0.001 -17"><span class='ocrx_word' id='word_1_263' title='bbox 70 4173 72 4177; x_wconf 68' lang='lat'>,</span> <span class='ocrx_word' id='word_1_264' title='bbox 131 4139 362 4198; x_wconf 71' lang='lat' dir='ltr'>a.lu.,lilll,taaqq.</span> <span class='ocrx_word' id='word_1_265' title='bbox 397 4175 400 4180; x_wconf 31' lang='grc' dir='ltr'><strong>ι</strong></span> <span class='ocrx_word' id='word_1_266' title='bbox 466 4155 469 4162; x_wconf 91' lang='lat'><strong>·</strong></span> <span class='ocrx_word' id='word_1_267' title='bbox 707 4141 886 4195; x_wconf 77' lang='grc' dir='ltr'>ς.1ι.,1111,ιι4</span> <span class='ocrx_word' id='word_1_268' title='bbox 895 4155 943 4198; x_wconf 82' lang='lat' dir='ltr'>sqq.</span> <span class='ocrx_word' id='word_1_269' title='bbox 966 4193 968 4200; x_wconf 17' lang='grc' dir='ltr'><em>γ</em></span> 
     </span>
     <span class='ocr_line' id='line_1_37' title="bbox 133 4205 917 4271; baseline 0.011 -12"><span class='ocrx_word' id='word_1_270' title='bbox 133 4215 151 4259; x_wconf 82' lang='lat' dir='ltr'>a.</span> <span class='ocrx_word' id='word_1_271' title='bbox 161 4209 261 4265; x_wconf 66' lang='lat' dir='ltr'>mlii.</span> <span class='ocrx_word' id='word_1_272' title='bbox 272 4221 318 4268; x_wconf 82' lang='lat' dir='ltr'>m·</span> <span class='ocrx_word' id='word_1_273' title='bbox 456 4205 457 4208; x_wconf 73' lang='grc'>’</span> <span class='ocrx_word' id='word_1_274' title='bbox 705 4212 725 4257; x_wconf 84' lang='lat'>⁶·</span> <span class='ocrx_word' id='word_1_275' title='bbox 735 4211 777 4267; x_wconf 68' lang='lat' dir='ltr'>in.</span> <span class='ocrx_word' id='word_1_276' title='bbox 788 4211 860 4265; x_wconf 67' lang='lat' dir='ltr'>iim</span> <span class='ocrx_word' id='word_1_277' title='bbox 871 4223 917 4271; x_wconf 69' lang='lat' dir='ltr'>nt·</span> 
     </span>
    </p>
   </div>
   <div class='ocr_carea' id='block_1_12' title="bbox 0 0 1490 4802">
    <p class='ocr_par' dir='ltr' id='par_1_17' title="bbox 0 0 1490 4802">
     <span class='ocr_line' id='line_1_38' title="bbox 0 0 1490 4802; baseline 0 4"><span class='ocrx_word' id='word_1_278' title='bbox 0 0 1490 4802; x_wconf 95' lang='lat' dir='ltr'> </span> 
     </span>
    </p>
   </div>
  </div>
 </body>
</html>
