2970 4802
545 251 588 262 -
633 231 674 300 77
719 249 763 262 ..

108 377 193 448 poeta
214 365 356 425 Aeeteos
373 362 469 443 primo
487 381 646 446 congressu
666 362 762 424 lasoni
781 359 917 422 ferociter
935 358 1157 442 respondentem
1177 371 1207 422 et

107 453 266 514 minantem
280 447 578 526 induceret,Valerius
588 449 703 511 unicam
712 447 792 510 iilam
803 447 967 510 orationem
976 449 1006 508 in
1015 447 1086 509 duas
1096 447 1204 522 diuisit,

107 554 140 602 ut
146 557 195 602 rex
205 555 294 600 unam
303 555 340 598 ex
350 535 394 599 bis
403 549 471 598 ante
478 537 671 599 Sarmaticum
680 533 800 611 bellurn,
811 535 931 597 alteram
941 548 1009 597 ante
1018 535 1128 599 lasonis
1138 553 1205 597 cum

108 627 196 689 tauris
209 637 238 688 et
251 623 416 708 gigantibus
429 637 576 688 certarnen
591 635 699 687 oraret.
712 621 886 705 Apollonius
900 623 989 706 igitur
996 624 1109 685 Aeeten
1121 622 1205 686 initio
1322 659 1325 664 ·
1409 651 1416 667 ·

109 713 240 796 depinxit
254 711 349 774 Iasoni
363 711 553 792 imperantem
568 725 600 773 ut
613 709 702 772 tauris
715 709 819 794 iugum
833 712 996 792 imponeret
1009 723 1039 772 et
1057 710 1094 772 ad
1106 709 1206 772 Martie

109 819 211 886 agrurn
224 796 382 864 incederet.
397 799 529 863 Valerius
542 813 641 863 autem
660 797 843 862 Colchorum
861 817 961 882 regem
978 795 1062 861 finxit
1080 797 1206 882 primurn

109 888 203 952 lasoni
216 889 323 951 timore
336 887 531 951 blandientem
545 902 575 952 et
588 887 759 950 suadentem
772 899 805 949 ut
819 885 872 948 sibi
890 887 920 949 in
938 885 1056 950 fratrem
1070 886 1208 950 inimicis·
1237 890 1240 894 ’
1285 929 1292 940 -

106 977 365 1042 simumauxilium
379 975 476 1055 ierret,
491 975 558 1040 inde
572 976 676 1040 uictori
688 975 812 1039 hesonis
826 974 899 1051 filio,
916 976 998 1038 omni
1010 974 1199 1039 simulatione
1314 1025 1325 1035 .
1426 1034 1430 1042 .

109 1066 229 1144 omissa,
248 1079 395 1130 certarnen
414 1085 482 1129 cum
500 1065 589 1129 tauris
607 1079 637 1129 et
655 1063 821 1150 gigantibus
841 1063 995 1129 crudeliter
1016 1077 1206 1150 proponeret.

109 1158 150 1218 lta
162 1174 280 1241 quoque
293 1153 370 1238 apud
378 1155 527 1218 Valerium
536 1155 656 1218 Medeae
667 1169 698 1218 et
706 1155 815 1218 laconis
824 1153 972 1239 colloquia
981 1153 1067 1217 aliam
1076 1153 1205 1237 speciem

109 1242 252 1321 induunr3
267 1245 362 1306 maior
374 1254 419 1307 est
430 1244 509 1306 eninr
527 1244 671 1306 sennonis
689 1240 813 1306 dulcedo
833 1260 921 1326 quern
938 1241 1014 1305 inter
1031 1261 1063 1305 se
1080 1242 1207 1326 primunr

109 1331 276 1409 conferunt,
291 1332 358 1416 quia
374 1330 504 1396 nondum
517 1333 626 1395 amoris
639 1328 754 1416 ignibus
769 1344 954 1408 exarserunt3
965 1329 1017 1394 sed
1026 1350 1095 1394 cum
1103 1330 1207 1394 iamed

109 1440 223 1484 summa
237 1421 365 1506 pericula
377 1423 499 1485 accessit
513 1424 609 1496 lason,
625 1434 655 1483 et
668 1419 714 1482 uir
726 1438 761 1482 ac
775 1418 871 1502 puella
884 1433 1021 1482 mutuum
1035 1420 1094 1482 iant
1103 1438 1209 1484 conce

109 1524 213 1593 perurit
226 1528 370 1582 amorem,
385 1510 537 1592 grauiores
547 1523 577 1571 et
589 1509 716 1572 acriores
730 1507 852 1570 affectus
866 1507 1031 1571 exhibent¹.

148 1597 205 1660 Sed
219 1612 281 1660 arte
295 1611 384 1680 poeta
395 1609 496 1659 noster
510 1597 603 1681 magis
617 1615 705 1681 quam
720 1614 818 1659 rerum
831 1596 959 1678 ipsarum
974 1596 1077 1658 ordine
1090 1593 1209 1676 insigni-

109 1701 168 1750 tur.
183 1687 294 1769 Sponte
307 1685 386 1747 eninr
400 1687 437 1747 ad
451 1699 588 1748 ornatum
601 1699 630 1748 et
644 1686 802 1748 uehemens
816 1684 932 1748 dicendi
944 1703 1039 1768 genus
1052 1682 1208 1747 extollitur
1309 1685 1313 1692 '

111 1775 180 1837 dum
194 1773 423 1858 magnitudinem
437 1787 466 1835 et
480 1794 619 1858 pompam
634 1774 753 1857 requirit
766 1785 796 1835 et
810 1770 922 1835 nobiles
944 1785 973 1835 et
990 1770 1164 1856 magnificos
1177 1784 1208 1833 et

110 1862 205 1924 luctus
225 1863 393 1944 praesertim
414 1861 461 1924 uel
478 1863 538 1925 irae
557 1862 660 1945 plenos
681 1881 783 1924 sensns
802 1861 955 1944 exprimit;
977 1879 1063 1942 saepe
1081 1861 1208 1923 etiame

62 2007 67 2014 .
111 1949 262 2012 rhetorum
289 1949 395 2012 scholis
422 1950 537 2013 uidetur
563 1950 679 2023 exiisse,
693 1969 761 2012 narn
788 1947 865 2011 idem
891 1949 1020 2011 studium
1043 1946 1123 2031 quod
1149 1947 1208 2009 iarn

111 2035 149 2099 T.
164 2037 275 2114 Liuius,
297 2038 379 2100 cuius
399 2038 505 2119 scripta
526 2039 660 2100 oratoriis
678 2037 829 2098 sententiis
842 2035 1015 2110 redundant,
1030 2047 1159 2109 secutus,
1177 2034 1208 2095 in
1253 2049 1258 2056 ·

112 2142 226 2208 quaque
247 2124 388 2188 contione
409 2125 456 2187 uel
476 2126 610 2188 oratione
631 2145 675 2186 res
698 2122 793 2187 lucide
813 2123 940 2206 disponit
953 2137 983 2185 et
1002 2122 1088 2186 uariis
1108 2121 1208 2206 figuris

112 2211 267 2295 uerbisque
284 2227 346 2273 arte
363 2213 462 2274 electis
482 2225 576 2274 ornat.
593 2210 671 2272 Nihil
690 2212 808 2294 quidem
827 2225 872 2272 est
892 2208 972 2293 quod
990 2209 1027 2272 ad
1044 2209 1209 2273 mouendus

112 2297 233 2362 affectus
255 2299 319 2381 plus
346 2297 462 2364 efficiat.
487 2299 579 2374 Quod
601 2301 630 2360 in
653 2299 754 2361 Phinei
778 2299 912 2361 oratione
935 2298 1096 2360 discernere
1118 2297 1208 2372 licet;

114 2385 232 2470 pulchra
259 2387 379 2470 quidem
406 2387 482 2448 senis
509 2387 586 2448 illius
608 2385 708 2460 uerba,
732 2386 781 2469 qui
799 2385 972 2470 grauitatem
994 2397 1061 2447 uate
1082 2396 1114 2448 et
1140 2401 1209 2466 rege

112 2475 229 2558 dignam
243 2474 273 2535 in
286 2475 496 2537 calamitatibus
511 2475 625 2549 retiner,
641 2472 759 2549 nedum,
776 2489 808 2537 ut
822 2475 851 2537 in
869 2475 983 2537 Graeco
998 2491 1098 2556 opere,
1113 2472 1220 2536 uirum

113 2575 206 2625 aetate
220 2577 394 2644 prouectum
411 2577 441 2624 et
462 2581 583 2625 caccum
603 2576 632 2624 er
649 2563 759 2624 atrocia
778 2563 936 2645 patientem
955 2561 1160 2624 tantummodo
1178 2578 1210 2623 se

114 2650 260 2734 praebeat.

483 2780 557 2796 .....
566 2760 579 2790 ι
591 2738 681 2806 Salus,
695 2754 713 2796 o
728 2739 796 2794 mihi
811 2738 924 2812 longum

245 2859 249 2865 .
289 2811 443 2880 Exspectata
457 2826 551 2866 manus
565 2813 722 2882 nostrisque,
738 2813 784 2876 alt,
799 2813 890 2894 agnita
905 2811 1031 2867 uotis.....

288 2880 420 2936 Nouimus
435 2891 460 2934 et
473 2881 541 2935 dluls
555 2883 638 2950 geniti
653 2880 749 2952 quibus
763 2892 789 2936 et
803 2897 846 2935 ura
860 2880 946 2936 iussos

289 2950 368 3015 Quae
382 2948 456 3016 ierat,
472 2967 502 3004 ac
518 2953 596 3006 uestri
611 2951 687 3005 rebar
700 2952 738 3006 sic
751 2961 872 3024 tempora
886 2966 977 3006 cursus

289 3021 414 3076 Proxima
427 3037 546 3093 quaeque
560 3020 652 3093 legens
656 3065 707 3078 .....

287 3089 351 3145 Non
364 3107 416 3162 ego
429 3107 501 3146 nunc
515 3107 615 3162 magno
629 3091 701 3162 quod
715 3091 840 3146 cretusA
859 3105 941 3146 euore
953 3087 1070 3146 Phineus

289 3162 344 3215 Aut
358 3176 517 3228 memorem,
532 3177 592 3216 mea
607 3161 679 3233 quod
693 3171 766 3216 uates
779 3163 820 3215 ins
856 3162 875 3214 it
887 3158 989 3232 Apollo

290 3231 418 3286 Pectora:
433 3234 578 3304 praesentis
591 3233 678 3304 potius
692 3233 853 3287 miserescite
867 3227 938 3287 lati&

119 3359 199 3434 Quid
208 3360 429 3434 tristius,immo
437 3337 602 3424 luctubsius
611 3379 697 3444 quam
706 3360 830 3422 Aesonis
839 3359 874 3420 ad
885 3359 993 3421 inferos
1003 3361 1083 3420 Deus
1091 3359 1208 3440 precesl

117 3449 173 3510 Sed
187 3446 225 3509 ibi
240 3468 416 3533 quamquam
429 3448 533 3511 ultimo
547 3449 650 3512 dolore
661 3448 808 3530 animique
817 3447 945 3510 cruciatu
956 3460 1098 3519 uersatur,
1107 3458 1207 3514 tamen

117 3536 201 3638 uaria.
212 3549 382 3598 ornamenta
400 3534 526 3599 mediam
539 3537 569 3598 in
583 3536 757 3609 orationem,
773 3549 806 3597 ut
819 3547 953 3598 oratores
966 3531 1074 3610 solent,
1088 3532 1211 3595 libenter

117 3635 235 3684 mmm
486 3753 489 3760 ,
519 3739 596 3758 .....
601 3697 645 3755 Tu
658 3701 750 3756 nuntia
763 3711 871 3756 sontum

288 3768 375 3840 Virgo
387 3771 457 3836 Ioui,
472 3783 552 3825 terras
566 3770 652 3826 oculis
664 3785 732 3843 quae
746 3771 875 3842 prospicis
887 3767 989 3842 aequis,

172 3887 175 3895 .
290 3839 455 3912 Ultricesque
468 3841 542 3895 Deae
557 3840 658 3912 Fasque
670 3851 696 3896 et
708 3840 860 3912 mandaeua
870 3839 1003 3894 Furorum
1075 3842 1077 3847 '

123 4091 329 4114 h*

145 4172 164 4206 t.
173 4160 226 4206 Vae.
233 4161 358 4220 legem,
367 4164 405 4217 57⁸
414 4173 460 4219 sqq.
470 4171 492 4205 st
500 4160 549 4213 tn,
555 4146 598 4216 'eor
605 4174 652 4218 sqq.
714 4171 733 4204 a.
743 4160 797 4205 Vnt..
806 4157 897 4218 Argu..
906 4157 945 4213 iv,
953 4159 1019 4216 eqd...
1028 4169 1069 4214 m
1078 4170 1125 4215 sqq·
