2970 4802
494 159 792 224 ·-6ι-

141 307 177 369 ad
191 304 399 369 iucunditatem
413 303 550 367 uidentur
562 321 627 366 esse
640 287 806 384 composita
819 323 826 365 s
842 302 961 385 uirginis
975 301 1005 364 in
1022 300 1079 364 alta
1100 319 1171 384 rupe
1189 299 1228 363 ad

141 411 242 458 sarum
255 391 388 474 alligatae
402 393 529 475 gemitus
542 405 571 454 et
586 389 679 473 pallor
696 403 724 452 et
738 389 830 451 tristia
844 389 879 451 ad
894 388 1049 452 Herculem
1061 388 1151 452 uerba
1163 407 1230 450 nes·

142 482 188 546 cio
202 477 272 565 quid
285 477 392 542 habeut
405 479 564 542 dulcedinis
579 493 608 542 et
621 477 762 541 horroris.
777 476 966 560 Conspicitur
979 475 1086 560 puella,

322 663 481 720 Eranlmum
495 627 575 720 ueluti
591 661 675 718 multa
687 673 777 717 tamen
790 673 844 718 arte
858 674 979 718 coactum

321 735 421 791 Maeret
434 735 508 802 ebur,
522 733 649 791 Pariusue
663 744 738 788 nous
752 744 778 787 et
790 735 902 788 nomina
915 731 998 788 sumit

323 805 394 862 Cum
407 803 473 878 lapis
487 817 532 860 aut
545 803 638 878 liquidi
652 801 768 858 relentnt
781 803 901 858 miranda
914 801 1032 858 colores¹
1035 841 1089 860 .....

142 1010 181 1070 llt
199 1005 296 1069 subito
317 1018 444 1066 mutatur
462 1024 557 1067 rerum
579 1004 706 1087 species;
726 1023 792 1064 nam
807 1021 824 1065 e
840 1001 1086 1065 mediisliuctibus
1099 1001 1231 1086 adsurgit
1313 999 1322 1010 “

142 1094 236 1170 belua,
253 1111 340 1176 quatu
353 1091 492 1155 Hercules
506 1093 582 1168 telis,
598 1111 667 1155 mox
680 1091 791 1174 ingenti
803 1089 926 1173 scopulo
948 1110 985 1152 er
1004 1091 1070 1152 imis
1088 1089 1231 1154 radicibus

143 1181 245 1246 euulso
258 1180 412 1262 opprimit;
426 1193 490 1242 tum
503 1180 628 1243 uictoria
641 1178 799 1256 exsultans,
813 1180 896 1261 grati
911 1192 941 1242 et
953 1178 1011 1242 leni
1024 1197 1110 1261 passu
1130 1176 1168 1239 ad
1181 1197 1233 1261 pa-

118 1267 123 1276 '
142 1284 237 1333 rentes
250 1268 378 1352 puellam
388 1268 513 1344 reducit,
526 1269 596 1332 dum
616 1269 726 1330 circum
745 1287 842 1330 rerum
861 1281 964 1330 natura
983 1266 1091 1330 laetitia
1110 1266 1232 1329 fremere
1322 1301 1326 1307 ·

142 1358 267 1420 uidetur.

181 1445 254 1506 Sunt
274 1455 372 1504 autem
391 1425 446 1503 alia
467 1440 543 1503 dulci
564 1441 743 1504 iucunditate
764 1455 793 1504 et
814 1440 896 1504 molli
912 1440 1037 1503 candore
1051 1438 1230 1502 adumbrata.
1313 1495 1331 1512 .,

144 1529 224 1606 Quid
237 1548 398 1591 memorem
413 1527 527 1603 Hellen,
542 1529 712 1590 mirantibus
724 1528 912 1609 Argonautis,
933 1547 969 1589 ex
990 1527 1066 1588 unda
1088 1539 1175 1609 caput
1194 1524 1235 1587 al·
1332 1535 1337 1544 '

143 1617 289 1680 leuantem
312 1629 342 1677 et
362 1613 497 1677 mandata
516 1615 558 1676 eis
578 1614 615 1677 ad
635 1614 773 1677 Phrixum
792 1634 879 1677 suum
900 1613 1016 1676 serenda
1037 1613 1234 1675 tradentem²i

143 1702 200 1767 Sed
214 1703 285 1766 nihil
299 1702 411 1765 lelicius
423 1703 535 1765 inuenit
549 1721 637 1785 quarn
652 1721 720 1764 eum
735 1700 828 1784 Hylae
841 1703 939 1785 imago
953 1700 1070 1764 Herculi
1084 1701 1113 1762 iu
1128 1718 1234 1764 somno

106 1795 108 1800 ’
144 1791 262 1856 obuiam
275 1811 307 1852 se
320 1791 381 1866 dat,
397 1804 430 1851 ut
444 1791 585 1853 comitem
597 1803 627 1853 et
646 1791 784 1866 amicum,
805 1791 898 1852 immo
917 1803 1029 1872 patrem
1049 1786 1234 1864 consoleture
1335 1785 1337 1794 ’

143 1894 231 1963 atque
243 1880 273 1940 iu
288 1878 368 1959 pueri
381 1892 479 1940 mente
493 1889 689 1960 temperantur
703 1878 820 1962 egregie
841 1891 871 1940 et
890 1877 1050 1940 miscentur
1059 1875 1234 1940 communis

146 1968 260 2054 utrique
281 1965 373 2029 laudis
393 1964 567 2028 desiderium
588 1980 617 2029 et
637 1966 726 2029 diuini
741 1967 849 2028 amon's
863 1967 1051 2050 Deorumque
1065 1962 1234 2028 commercii
1261 2021 1265 2025 .

145 2057 281 2140 gaudium
295 2054 374 2139 quod
388 2053 526 2117 Hercules
542 2056 637 2143 breue
642 2069 710 2138 post
724 2069 839 2136 tempus
852 2053 914 2136 ipse
928 2055 964 2116 sit
979 2066 1160 2136 experturus.

301 2239 368 2305 Ecce
400 2255 447 2294 uer
459 2253 563 2294 summa
576 2254 605 2293 se
618 2237 711 2294 tollere
725 2239 797 2293 uisus
809 2237 842 2292 ab
857 2237 927 2292 unda

300 2310 370 2365 Fron
389 2309 448 2365 ibus
461 2308 489 2364 in
503 2308 603 2364 croceis
616 2319 643 2363 et
656 2311 762 2382 iniquae
776 2325 886 2364 munere
900 2307 1050 2380 Nymphae,

300 2383 429 2454 Stansque
443 2396 521 2453 super
535 2396 626 2434 carum
640 2377 704 2435 tales
717 2392 795 2453 caput
808 2378 886 2435 edere
900 2394 999 2434 uoces:

299 2450 384 2519 Quid,
397 2461 479 2524 pater,
495 2453 522 2506 iu
536 2466 620 2506 uanos
633 2449 751 2507 absumis
764 2460 884 2523 tempora
897 2448 1038 2523 quamsi?
1041 2489 1094 2507 .....

106 2693 108 2700 ,
183 2651 347 2716 Artificiosa
362 2652 478 2735 quidem
494 2665 538 2713 est
551 2653 652 2734 templi
666 2651 742 2714 illius
760 2652 883 2735 species,
906 2651 1026 2715 Phoebo
1047 2652 1183 2730 dedicati,
1204 2655 1235 2716 in
1350 2660 1375 2672 “

146 2762 205 2824 quo
219 2743 323 2803 Aeetes
337 2741 382 2803 ius
395 2741 464 2818 dicit
479 2755 507 2803 et
522 2741 631 2802 ciuium
645 2741 785 2822 querellas
800 2740 879 2802 audit
893 2754 922 2802 et
934 2743 1040 2828 cuique
1054 2756 1087 2802 ut
1108 2761 1234 2826 aequum

132 2842 190 2902 ,est
201 2829 312 2891 tribuit.
328 2829 387 2890 lllic
402 2828 555 2911 splendent
576 2827 653 2890 iores
675 2826 811 2905 caelatae,
834 2830 864 2891 iu
883 2828 986 2912 quibus
1005 2842 1052 2891 tot
1073 2829 1235 2912 praeclarae

147 2932 279 2979 ueterum
292 2915 405 2978 fabulae
419 2930 687 2999 repraesentantur:
703 2916 785 2978 adest
796 2917 946 2989 Sesostris,
963 2917 1058 2978 uictus
1077 2934 1094 2978 a
1114 2917 1256 3001 Scytha.
1310 2947 1314 2954 -

89 3077 90 3080 Ἴ
146 3024 211 3066 rum
223 3005 390 3086 regionibus
402 3023 563 3086 regressus,
578 3018 608 3065 et
621 3016 690 3085 post
703 3022 735 3064 se
748 3004 784 3066 ad
798 3003 926 3066 Phasidis
945 3022 1011 3066 oras
1031 3001 1140 3066 multos
1161 3004 1235 3066 mili·
1285 3060 1289 3070 .
1397 3003 1400 3011 ’

147 3102 190 3152 tes
204 3091 347 3174 linquens,
363 3109 438 3173 quos
453 3085 609 3153 Colchicae
622 3091 717 3172 gentis
728 3089 897 3153 conditores
910 3090 997 3154 luisse
1006 3089 1135 3154 ferebant
1145 3089 1237 3173 Apol-

146 3176 242 3240 lonius
256 3192 285 3241 et
297 3178 497 3251 Herodotus⁴3
513 3177 694 3241 subiciuntur
707 3196 826 3261 quoque
847 3175 941 3240 oculis
959 3177 1089 3242 Phasidis
1109 3190 1139 3242 et
1157 3180 1237 3243 heae
1348 3225 1351 3232 -

147 3284 272 3343 amum,
286 3280 316 3330 et
330 3265 519 3344 Phaethontis
530 3285 623 3340 mors.
637 3267 677 3329 At
690 3265 762 3329 nihil
775 3263 959 3329 artificiosius
969 3267 1128 3353 excogitari
1138 3280 1236 3353 potest

149 3374 237 3440 quam
248 3355 313 3419 illae
326 3354 436 3440 figurae
451 3374 525 3442 quae
546 3375 607 3419 non
626 3356 778 3438 praeterita
798 3354 850 3418 sed
870 3351 965 3418 lutura
985 3354 1161 3438 ostendunt;
1182 3376 1238 3422 uec

148 3443 243 3508 miuus
255 3445 368 3528 insigne
378 3443 451 3507 illud
465 3459 520 3521 est,
536 3443 618 3530 quod
631 3443 726 3507 lasoni
739 3463 792 3506 sua
805 3441 864 3507 lata
882 3441 1063 3507 declarantur
1081 3447 1174 3530 ueque
1193 3461 1238 3510 ta·

149 3552 217 3597 meu
228 3533 264 3597 ab
278 3553 315 3598 eo
328 3531 544 3618 intelleguntur.
559 3533 608 3596 Sic
622 3553 681 3596 non
694 3529 791 3596 solum
804 3551 871 3595 aere
889 3531 1089 3616 exprimuntur
1108 3531 1238 3617 proficis·

148 3635 246 3688 centes
258 3625 454 3710 Argonautae,
469 3623 520 3688 sed
534 3622 622 3688 etiam
635 3620 749 3701 Medea,
769 3639 890 3688 munera
907 3641 982 3708 quae
998 3621 1036 3686 sit
1049 3621 1176 3688 Creusae
1188 3624 1239 3688 dr·

149 3727 212 3777 tura
225 3734 418 3799 componens,
433 3727 463 3778 et
475 3712 599 3777 flameris
620 3713 722 3778 ardens
743 3711 854 3777 Creusa
866 3731 941 3797 quae
955 3731 1047 3797 nuper
1060 3729 1238 3777 uenenosam

178 3982 196 4014 ι.
206 3970 258 4014 Vas.
268 3970 358 4028 Argen,
369 3970 397 4023 ll,
406 3969 469 4024 ὥς...
477 3967 513 4013 cl.
522 3981 616 4024 ast-550.
747 3983 768 4023 a.
779 3971 857 4015 Areus.
873 3939 961 4024 Ἅγιοι,
971 3968 1008 4019 Ν,
1020 3977 1059 4022 ape
1067 3979 1113 4024 sqq:
1128 3975 1151 4010 et
1159 3963 1239 4020 sedai„

178 4052 197 4085 r.
208 4043 249 4092 ιι..
258 4043 287 4096 ιι,
298 4042 391 4096 sarar,
723 4023 759 4074 lv·
774 4033 820 4077 ιιι.
834 4025 881 4077 ³7⁴.
897 4033 943 4078 ιιι.
954 4041 982 4056 -
993 4021 1113 4098 ¹¹¹¹”⁰.“
1128 4018 1195 4074 rtur,
1207 4019 1237 4074 rt,

182 4112 239 4169 cta,
249 4113 329 4166 maa.
723 4087 767 4129 '⁰⁴'
