2970 4802
548 290 765 376 ..85-

108 434 268 519 Apollonio
280 434 448 518 praestricta
462 449 553 500 erant.
569 436 617 499 Sie
630 433 667 498 cd
681 433 858 499 iracundiam
871 433 1030 518 procliuior
1038 432 1071 498 fit
1080 434 1200 500 Medeae

107 539 188 608 pater
201 538 231 587 et
244 523 503 588 dissimulationem
516 545 550 588 ec
563 543 684 588 saeuum
698 523 849 606 hospitum
862 521 964 588 odium
982 523 1103 588 libenter
1117 543 1202 588 exer·

107 625 164 678 cet.
180 614 240 676 lam
253 610 379 676 uidimus
393 631 481 696 quam
494 612 578 676 facilc
591 613 680 678 fidem
693 609 851 676 fefellisset.
866 612 946 676 idem
964 625 1061 676 tamen
1075 612 1124 676 ille
1136 611 1203 676 dul-

107 701 257 764 cissimum
269 719 398 763 amorem
411 698 487 764 filiae
500 719 571 764 suae
584 701 724 785 impertit,
739 719 839 784 parem
851 701 978 764 caritatis
991 701 1202 766 remuneratio-

107 807 174 852 uem
184 789 221 851 sb
231 808 265 853 ea
277 789 429 872 accipiens.
442 790 562 865 Quanto
572 789 661 852 cultui
675 802 758 852 motu
767 789 902 852 Medeam
910 787 1018 874 fugisse
1027 802 1058 853 et
1067 803 1200 874 parentes
1333 827 1337 836 ·
1475 779 1478 840 ι’

106 896 141 939 sc
166 877 288 960 petriam
314 875 475 958 prodidisse
499 877 599 941 tuditi
623 878 726 961 Neque
746 875 819 940 sane
842 891 957 940 tantum
981 877 1056 962 rspti
1084 877 1200 942 uelleris

107 979 250 1048 quantum
263 965 384 1028 embsae
399 963 475 1030 filiae
487 963 634 1030 desiderio
649 962 789 1028 turbetur.
915 1029 918 1036 ,

605 1166 683 1184 .....
693 1123 774 1182 Volet
786 1127 842 1198 lpse
855 1117 976 1182 sene'etm

262 1195 411 1252 Immemor
423 1195 528 1263 Aeetes,
543 1193 710 1269 complentur
723 1193 801 1253 litora
815 1193 885 1252 bello
938 1257 940 1264 ,

260 1265 462 1341 Nequlcquem;
476 1263 545 1340 fugit
559 1269 685 1325 immissis
698 1285 761 1324 nam
775 1271 870 1359 puppis
881 1265 1016 1325 meentst

106 1427 221 1493 Puellae
241 1444 360 1513 quoque
379 1427 443 1510 ipsa
469 1441 572 1504 meter,
601 1425 638 1489 de
666 1446 723 1512 qus
747 1423 820 1489 nihil
840 1424 1014 1510 Apollonius
1033 1424 1198 1505 tradiderat,

105 1520 180 1582 inter
192 1517 262 1580 alies
276 1533 415 1601 personas
432 1516 640 1579 sententiarum
659 1516 803 1578 maestitia
819 1527 850 1577 et
867 1513 978 1578 doloris
991 1515 1095 1579 ardore
1107 1516 1200 1599 surgit

105 1607 275 1690 conspicua,
290 1622 359 1668 cum
372 1604 403 1666 in
416 1623 504 1666 uenas
519 1603 660 1689 querellas
679 1602 846 1680 effunditur,
862 1602 951 1666 filiam
964 1622 1048 1666 suam
1059 1623 1200 1678 reuocans

104 1709 133 1758 et
154 1707 301 1777 raptorem
322 1711 485 1768 exsecrans,
508 1691 555 1754 cui
574 1710 628 1774 pro
648 1689 766 1755 redditis
784 1691 876 1754 unicis
894 1690 950 1754 illis
969 1690 1078 1754 deliciis
1096 1710 1199 1755 omncs

104 1783 258 1846 thesauros
278 1778 401 1843 libenter
423 1775 596 1862 permittat&
617 1778 759 1864 Absyrtus
782 1798 901 1864 quoque
923 1779 1039 1842 uirtutis
1056 1780 1199 1865 quaedam

105 1871 189 1953 signa
206 1867 343 1952 praefert,
363 1888 460 1953 neque
480 1887 548 1932 eum
569 1881 657 1951 poeta
676 1869 737 1932 siue
755 1867 1061 1952 aliqua-delectatione
1083 1868 1200 1933 uidetur

46 1961 51 2050 J
105 1956 280 2041 depinxisse.
296 1958 424 2040 Apparet
437 1955 550 2018 iuuenis
563 1954 611 2018 ille
1062 1995 1064 2002 ·

261 2125 365 2198 Dignus
377 2139 429 2180 auo
443 2120 576 2200 quemque
590 2122 723 2180 insontem
737 2123 849 2180 meliora
863 2133 1023 2185 mmerentt.

102 2285 195 2348 Ferox
228 2297 257 2348 et
286 2303 353 2347 ecre
382 2303 416 2346 ec
446 2298 543 2347 tamen
573 2284 719 2369 nequitate
748 2282 823 2348 bene
853 2297 1046 2368 temperatum
1078 2283 1195 2350 exhibet

103 2373 264 2456 ingenium,
279 2374 341 2436 siue
355 2393 393 2437 ex
406 2372 524 2455 proeliis
538 2387 639 2436 contra
652 2375 759 2436 Persen
771 2373 842 2436 sctis
851 2374 880 2436 in
890 2373 983 2458 prime
992 2374 1053 2437 acie
1061 2393 1196 2457 magnam
1269 2397 1271 2402 ⁴

102 2463 218 2525 laudent
231 2461 317 2525 refert
331 2463 395 2525 siue
409 2463 479 2524 mari
492 2463 625 2526 iasonem
639 2475 807 2544 persecutus
819 2462 924 2525 domus
942 2482 1013 2526 suae
1026 2465 1195 2548 somrisque

102 2553 234 2614 iniuriam
259 2551 415 2615 ulciscendi
437 2551 595 2632 cupiditate
621 2551 753 2635 flcqrw.
778 2552 910 2635 Denique
933 2551 1045 2636 Styrus,
1069 2553 1119 2636 qui
1141 2553 1195 2616 sibi

102 2639 236 2701 Medeam
256 2659 374 2703 summo
394 2639 526 2700 omnium
541 2657 685 2702 consensu
706 2638 911 2722 desponderet,
925 2640 1082 2703 artificiose
1096 2639 1196 2704 adum·

101 2724 199 2789 bratus
213 2741 267 2790 est.
284 2728 390 2788 Mirum
403 2739 545 2810 quantum
558 2725 716 2789 iuuenilem
730 2726 863 2788 ardorem
872 2728 1011 2811 piumque
1020 2726 1195 2791 desiderium
1326 2765 1351 2778 -

100 2835 132 2878 se
158 2814 244 2878 laude
271 2814 427 2879 extollendi
455 2815 588 2878 ostendat
596 2823 617 2878 5.
634 2813 702 2877 'Sed
728 2815 759 2876 in
781 2813 860 2877 nulle
882 2816 980 2898 operis
1002 2829 1083 2899 parte
1105 2829 1193 2901 poeta

100 2905 241 3055 tenssqqoxrlqm
262 2917 353 2967 artem
373 2900 514 2966 exhibuit
524 2923 616 2992 quam¹
628 2909 698 2967 cum
714 2901 879 3010 dlcimedm
896 2915 927 2966 et
940 2903 1064 2967 Aesonis
1077 2903 1192 2988 ingenis

138 3081 198 3140 lani
218 3077 392 3162 Apollonius
413 3076 577 3140 Alcimedes
598 3096 700 3140 sensus
720 3089 786 3160 apte
806 3091 997 3161 expresserat,
1011 3096 1079 3141 cunt
1092 3077 1193 3142 breues
1305 3079 1328 3118 '·

99 3181 217 3250 questus
231 3165 391 3229 effunderet
405 3179 434 3228 et
448 3185 479 3228 se
493 3165 588 3229 solam
601 3164 726 3228 futuram
736 3165 820 3228 anxia
829 3163 1018 3250 deploraret‘.
1027 3167 1190 3230 Matronam

99 3269 196 3317 autem
211 3253 354 3336 quandam
370 3252 501 3314 Valerius
519 3253 639 3329 inducit,
659 3272 733 3336 quae
750 3251 788 3313 de
800 3272 854 3315 suo
869 3253 930 3316 filio
945 3255 1038 3337 magis
1052 3254 1190 3337 quamde

98 3360 129 3402 se
143 3341 205 3423 ipsa
218 3340 343 3403 sollicite
357 3341 394 3402 sit
407 3353 437 3403 et
450 3352 576 3404 mortem
589 3353 622 3402 ut
636 3337 780 3422 malorum
793 3339 939 3402 uindicem
954 3341 1085 3405 saluum.
1104 3341 1189 3416 Quse

99 3426 227 3511 quidem,
249 3448 317 3491 cum
337 3440 443 3511 sponte
463 3447 514 3490 sua
535 3447 566 3490 se
585 3426 648 3490 uita
667 3427 778 3503 libent,
798 3428 925 3512 coniuge
941 3429 1059 3492 Aesone
1075 3427 1189 3492 uidetur

97 3533 166 3577 uere
179 3515 277 3598 digna.
290 3516 358 3576 Non
372 3527 417 3576 est
436 3514 483 3576 bic
502 3532 700 3599 senex-quem
721 3514 896 3597 Apollonius
914 3515 996 3578 mnis
1014 3515 1138 3590 fractum
1156 3515 1187 3578 iu

95 3602 174 3665 lecto
197 3619 316 3685 segnem
340 3600 470 3684 depingit
490 3602 668 3679 iacentem⁸3
690 3619 767 3664 nunc
790 3616 889 3664 cutem
908 3615 1020 3665 tantum
1039 3602 1145 3666 uirium
1157 3615 1200 3684 et,

39 3685 40 3688 ’
96 3687 272 3752 fortitudinis
297 3689 385 3752 babet
410 3702 443 3751 ut
469 3703 624 3773 tyrannum
651 3688 747 3753 Pelixn
775 3687 1033 3775 imminentemque
1059 3706 1186 3754 mortem

124 3910 143 3942 x.
153 3897 205 3942 b'tx..
217 3897 308 3956 Argos„
318 3899 379 3952 vm,
394 3913 403 3943 ι
417 3899 518 3955 7.-Cf.
528 3902 606 3944 esent.
694 3899 941 3959 elx.,Vlll,pdesqq.

96 3951 395 4005 illatorem-lienem·
412 3929 616 4010 waldum]
724 3987 734 4031 Ι
776 3987 845 4032 m

95 4004 616 4102 Aoouoxrerx,iliqpquqqneglssdleeonexx
695 3999 714 4041 5·
735 3999 767 4040 ’ν
828 3999 892 4043 ⁹3⁸⁹·

95 4057 307 4164 :evoleltequxmc
373 4069 464 4110 uersu,
476 4057 505 4109 V,
519 4067 615 4114 ”seqq
693 4073 1025 4131 5‚A‚02‚173..,‚1‚.7e.1„

121 4167 377 4238 s.Vee.Ar3n.,lllll‚'
386 4188 480 4236 eqo-175.
693 4171 713 4216 7·
722 4161 776 4206 Μ·
786 4163 875 4219 Arm,
885 4162 903 4216 l.
913 4173 951 4219 m
960 4177 1006 4221 sqq.
1021 4161 1057 4209 Cf.
1071 4175 1140 4219 cupre.

123 4257 144 4302 l·
154 4245 196 4297 ¹¹o
205 4246 233 4299 V,
244 4251 291 4304 ⁴5⁸·
402 4275 404 4282 v
529 4235 533 4259 ²
693 4250 714 4291 Ι.
724 4250 802 4293 mse.
812 4250 930 4306 deponi,
939 4251 1032 4306 sep-set.
1106 4261 1113 4276 ¹
