2996 4792
550 254 768 322 ..„..

112 390 328 469 Supenrscuum
356 402 420 446 esse
445 397 581 466 putemus
605 380 675 466 quid
703 383 733 443 in
760 380 819 443 hoc
846 378 946 442 orandi
975 399 1081 464 genere
1108 381 1202 444 miuus

111 470 286 536 laudandum
299 471 336 532 sit
351 471 494 547 indicsre3
510 471 625 553 saepius
639 469 678 531 ibi
697 467 778 552 quod
796 480 840 530 est
857 467 1046 550 mugnificum
1065 467 1098 530 fit
1117 469 1204 532 tumi-

112 561 193 637 dum,
218 572 249 622 et
272 569 372 642 poete,
397 557 431 620 sb
455 557 612 621 humilibus
636 554 733 620 uerbis
755 553 924 633 abhorrens,
947 555 1042 639 ample
1064 570 1094 620 et
1117 556 1204 622 nitida

112 649 196 712 nimis
209 645 336 721 affectet,
352 644 503 709 rhetorum
517 645 646 708 artificiis
659 663 742 707 usus.
758 645 825 706 Hoc
838 661 929 706 unum
944 659 989 706 est
1002 646 1202 726 premendum,

111 736 220 800 scilicet
233 753 289 810 ars,
305 751 363 816 qur
377 732 510 796 Valerius
523 734 668 796 Graecum
682 750 757 815 opus
771 731 884 808 refecit,
899 749 944 794 res
961 729 1103 806 distinxit,
1118 731 1205 796 affec·
1241 735 1244 742 '
1266 791 1276 804 ,
1349 703 1360 824 ,Ι

111 839 159 887 tus
172 825 258 886 mites
270 834 301 883 et
313 839 393 883 teres
406 821 513 904 duplici
532 821 583 884 illo
602 820 755 904 'colloquio
774 821 849 882 iuter
865 838 897 882 se
915 821 1056 904 opposuit
1077 833 1108 884 et
1126 819 1206 885 iilus-
1303 879 1308 890 .

112 913 208 974 trsuit.
232 908 353 972 Paulum
375 907 467 986 abest,
488 909 542 972 nisi
563 907 628 971 ullis
649 907 770 971 maculis
791 906 958 984 offendaris,
980 909 1052 992 quiu
1070 908 1118 972 bic
1136 929 1205 972 cum
1330 975 1339 984 ,

110 997 504 1166 Αρίῗῗῖῃὲξοῗξὲῒαάυῗῗέ
519 994 907 1166 bibbbfectbbrbmgbbbbbbius
935 1084 1068 1146 leronem
1095 1082 1206 1146 inducit
1241 1106 1246 1114 ·

112 1171 288 1257 Hypsipylae
302 1170 367 1234 urle
381 1171 527 1234 dicentem
544 1185 574 1233 et
592 1191 611 1234 e
627 1183 729 1234 tenero
748 1169 862 1254 puellae
880 1169 1016 1253 amplexu
1030 1169 1204 1250 elabentem,

112 1261 199 1324 herm
218 1259 267 1322 ille
287 1278 348 1322 non
368 1257 503 1322 molliore
524 1278 659 1323 senuoue
682 1261 784 1336 utitur,
806 1259 857 1322 sed
878 1271 1025 1322 amentem
1044 1258 1091 1322 bis
1111 1258 1207 1324 uerbis

113 1348 232 1425 solatur,
249 1367 323 1433 quse
343 1345 493 1432 frigidiore
513 1360 543 1411 et
562 1347 750 1431 pmdentiors
762 1346 886 1410 fortasse
900 1347 1028 1427 iudices3
1044 1361 1116 1411 uoto
1129 1348 1206 1412 euim
1314 1349 1317 1356 '

113 1453 195 1523 grato
210 1437 308 1501 animo
322 1435 429 1519 excipit
445 1437 531 1520 eique
545 1437 662 1500 mundet
675 1435 746 1522 quid
759 1449 860 1500 actura
873 1437 921 1512 sit,
937 1436 962 1499 si
980 1435 1073 1500 filium
1087 1437 1205 1521 pariat&

113 1529 198 1600 Quae
210 1524 329 1610 quidem
342 1523 379 1586 td
393 1543 496 1588 uerum
510 1526 609 1609 potius
623 1545 712 1609 quam
729 1524 766 1588 td
783 1524 938 1608 pulchrum
957 1543 1092 1608 expressa
1107 1525 1208 1588 uiden·

112 1629 160 1678 tur
172 1635 253 1693 essc;
268 1615 307 1678 ita
320 1613 504 1698 plerumque,
523 1614 601 1698 apud
620 1635 675 1678 nos
695 1615 787 1699 ipsos,
803 1615 938 1698 uulgrres
953 1627 982 1677 et
995 1613 1113 1698 firgitiui
1126 1634 1208 1679 rmo-

112 1724 157 1767 res
171 1717 239 1787 post
251 1704 456 1767 breuissimum
476 1717 592 1786 tempus
612 1704 690 1767 solui
710 1702 816 1766 solent.
839 1703 908 1766 Sole
929 1702 1090 1788 Hypsipyle
1108 1702 1208 1768 dulces

112 1805 142 1855 et
155 1793 284 1855 sinceros
297 1790 420 1854 affectus
434 1793 589 1875 exprimit3
605 1811 783 1876 quemquam
797 1791 939 1854 deseritur
945 1811 1041 1877 neque
1049 1791 1110 1855 iere
1119 1791 1207 1854 ollem

113 1899 193 1963 spem
213 1892 321 1956 seruat,
343 1899 422 1942 mers
442 1881 560 1942 caritate
581 1881 681 1962 potius
702 1899 789 1964 quam
808 1881 930 1944 Veneris
950 1878 1092 1944 illecebris
1113 1889 1210 1957 motu,
1252 1897 1256 1902 ·

115 1981 266 2049 patemum
280 1988 403 2050 regnum
418 1983 448 2030 et
466 1969 609 2030 Lemnum
627 1968 750 2031 insulem
769 1969 875 2044 losoni,
892 1971 999 2031 incerta
1013 1967 1071 2032 ists
1085 1969 1206 2053 petenti,
1265 1995 1271 2004 ·

113 2071 261 2140 tamquam
280 2071 393 2118 certum
412 2055 577 2138 perfugium
596 2057 760 2140 pollicetur.
783 2056 913 2119 Valerius
931 2071 1032 2120 sutem
1045 2056 1093 2120 hic
1108 2077 1209 2140 perso-
1232 2125 1235 2130 ,

114 2164 214 2206 mrum
238 2157 268 2206 et
294 2145 437 2206 sermonis
465 2145 638 2226 dignitatem
664 2145 821 2208 artificiose
848 2145 947 2224 auxit3
976 2145 1102 2228 primum
1130 2146 1208 2208 enirn

114 2232 284 2315 Hypsipyle,
307 2233 414 2295 Didoni
434 2253 501 2295 uere
522 2232 646 2308 aemula,
667 2233 778 2296 ardenti
800 2231 898 2295 herois
921 2253 1022 2297 amore
1035 2233 1163 2316 rapitur3
1176 2235 1207 2297 iu

114 2319 212 2382 dulces
231 2320 318 2383 fletus
338 2319 429 2384 effuso
449 2335 478 2383 et
496 2321 614 2384 timidas
631 2321 772 2405 querellas
791 2322 891 2394 edens,
907 2319 980 2384 nibil
993 2334 1137 2384 memoret
1153 2321 1208 2384 nisi

114 2408 194 2470 illum
216 2409 310 2471 mutui
333 2409 441 2472 amoris
464 2409 591 2472 fructum
614 2410 664 2493 qui
685 2411 717 2472 in
733 2423 866 2472 materno
885 2422 970 2473 utero
989 2407 1079 2488 lutet3
1097 2409 1156 2474 itm
1175 2423 1209 2473 ut

81 2509 245 2580 ,setemee
258 2498 417 2559 memoriae
431 2499 553 2581 pignora
567 2495 750 2581 chlamydem
769 2497 799 2559 in
818 2517 942 2580 quasue
956 2497 1048 2580 ipsius
1060 2496 1207 2581 praeclare
1289 2529 1290 2532 ¹
1385 2545 1440 2553 ,-

114 2581 188 2644 iactu
208 2596 378 2667 patremque
396 2599 546 2647 seruatum
566 2605 619 2646 scu
641 2585 757 2667 pressit,
778 2597 809 2646 et
827 2582 958 2646 diuinum
977 2585 1067 2667 putris
1079 2583 1207 2669 gladium
1324 2599 1337 2617 ⁰
1351 2635 1374 2648 .

113 2667 214 2731 morito
225 2671 322 2732 tradit.

270 2857 362 2911 Iamne
376 2852 461 2927 placet
474 2835 561 2927 primo
576 2855 704 2912 deducere
716 2855 776 2911 uela
790 2871 895 2923 sereno,
1141 2889 1145 2896 ι

270 2925 396 2981 Curiuso
410 2924 478 2980 mihi
493 2927 675 2999 pstrecrput?
689 2926 771 2982 modo
785 2941 862 2982 saeua
877 2929 1000 3000 quierunt
1156 2975 1158 2984 ,
1264 2928 1271 2939 “

270 2997 915 3123 littiaiizttttltt‘t‘lti‘rtut3¹
930 3009 955 3052 ‘⁸

270 3136 291 3200 1,
307 3151 414 3191 memor
427 3140 435 3190 i
448 3147 543 3205 terrae,
557 3153 627 3211 quae,
639 3153 689 3192 uos
702 3153 745 3193 em
764 3135 823 3192 lexa
854 3140 926 3194 uleto

270 3205 361 3262 Primo
374 3209 450 3276 slnu;
465 3205 534 3292 resep
547 3219 574 3264 et
586 3207 696 3264 domitis
709 3223 726 3263 t
740 3155 886 3265 golchrbos
900 3211 955 3264 orit

271 3275 346 3344 Velr,
362 3293 409 3350 per
422 3277 493 3333 hunc
508 3291 583 3335 utero
597 3296 678 3352 quem
690 3275 789 3353 linquis
802 3281 899 3357 lasona
915 3287 1034 3338 nostro¹.

152 3489 225 3552 Vide
237 3508 325 3572 quam
341 3487 460 3571 pulchre
474 3489 633 3574 Hypsipyle
647 3491 726 3573 piam
739 3491 827 3572 petris
841 3491 886 3553 sui
899 3491 1071 3554 memorium
1084 3503 1114 3553 et
1128 3492 1208 3553 loso-

115 3577 159 3637 uis
173 3584 304 3640 amorem
319 3576 392 3638 inter
404 3597 436 3658 se
454 3577 608 3655 conciliet3
627 3577 719 3641 immo
737 3591 850 3641 tantum
867 3579 1005 3642 iuuenem
1023 3591 1101 3641 amet
1115 3591 1149 3640 ut
1162 3575 1209 3640 sui

114 3661 203 3742 ipsius
216 3663 306 3725 oblite
320 3665 468 3746 ingentem
487 3665 514 3726 ei
531 3663 648 3728 lsudenr
667 3679 696 3728 et
712 3685 886 3748 prosperum
900 3667 955 3728 iter
967 3678 1061 3749 optet.
1078 3667 1143 3748 lpse
1155 3683 1208 3727 au·
1327 3676 1330 3685 '
1471 3745 1475 3752 ²

114 3763 175 3811 tem
193 3749 291 3826 heros,
306 3764 369 3813 tots
388 3765 485 3814 mente
498 3751 529 3814 in
543 3770 618 3835 opus
632 3753 780 3834 inceptum
793 3749 965 3816 incumbens
978 3768 1033 3816 nec
1046 3752 1206 3836 quicquum
1334 3751 1336 3756 ’
1441 3825 1446 3838 1

115 3837 170 3898 uisi
184 3838 269 3900 Ponti
281 3836 368 3900 litort
381 3851 412 3901 et
429 3857 550 3901 aureum
564 3839 657 3902 uellus
671 3853 701 3902 et
713 3853 845 3902 recentes
858 3841 1008 3905 sociorum
1023 3837 1165 3924 querellis
1178 3837 1209 3900 iu

143 4094 799 4182 r.brots3rlrpee.,l,ttdsqq.-lesonlsterbsryossqq.

143 4184 224 4232 sven
232 4183 493 4240 mulleos-uta.
