2996 4792
740 333 955 402 „42-

195 463 202 468 ’
303 463 383 525 Nihil
399 463 458 524 iere
475 463 582 525 addidit
599 462 653 524 nisi
675 462 821 544 quoddam
838 460 951 525 dicendi
970 481 1073 543 genus,
1094 479 1162 524 uere
1181 459 1344 544 pmprium,
1362 471 1393 521 et

302 550 487 613 artificiosam
501 549 656 612 uerbomm
670 551 842 614 iuncturam.
1212 579 1216 590 ·
1384 591 1387 598 -

341 639 397 701 Sed
410 636 589 722 pierumque,
604 637 653 701 ubi
674 640 761 702 etiarn
782 659 841 702 non
861 636 949 701 libere
968 637 1159 722 Apollonium
1177 636 1393 720 interpretatur,

304 727 385 810 plura
403 739 556 790 retractare
576 747 664 811 quam
685 727 821 810 effingere
839 727 988 791 solet..Sic
1004 746 1020 788 a
1035 726 1150 790 Graeco
1164 737 1252 810 poeta
1267 724 1393 788 breuiter
1421 776 1424 783 .

302 815 468 900 depingitur
480 815 629 893 Hercules,
643 829 725 880 tanto
739 817 902 890 conamine,
913 815 1128 899 quiescentibus
1137 815 1237 892 sociis,
1247 815 1392 898 remigans

302 917 337 968 ut
346 904 493 988 frangatur
505 924 602 969 remus
616 919 645 968 et
659 906 721 988 ipse
734 905 885 988 resupinus
903 903 1027 982 decidat,
1048 904 1120 968 remi
1133 901 1264 986 fragmen
1277 915 1392 966 tantum

303 1013 391 1057 manu
412 994 549 1071 retinens,
570 995 689 1058 miratus
715 1010 744 1058 et
765 995 944 1079 aliquantum
970 994 1104 1077 pudens;
1128 1012 1196 1056 narn
1215 991 1285 1080 quid
1306 991 1420 1070 iaciat,

302 1083 399 1146 nescit
412 1096 442 1144 et
460 1083 568 1145 inuitus
585 1097 697 1166 praeter
713 1083 952 1146 consuetudinem
971 1096 1068 1170 manet
1082 1083 1207 1145 otiosus.
1223 1081 1283 1144 lam
1297 1079 1393 1143 obiter

303 1167 469 1233 notanimus
480 1170 551 1233 nihii
566 1172 662 1234 uerius
674 1185 704 1234 et
716 1171 872 1254 simplicius
887 1169 1048 1233 adumbrari
1060 1170 1203 1254 potuisse.
1247 1233 1250 1240 ,

507 1463 628 1531 πασσυδίῃ
640 1463 773 1552 progenerat
788 1409 1104 1586 δῖοδαατῗτοιᾞοῖτῖαςιΐῶν

511 1519 662 1605 Ἧροαδῖης.
678 1535 785 1590 ττὶναοαα
815 1527 950 1606 ’ἀρηρότα
963 1533 1072 1605 δούρατα
1085 1529 1152 1602 νηός.
1204 1541 1208 1556 ·

447 1610 450 1615 ’
506 1599 564 1658 ἄλλ’
578 1601 619 1659 ὅτι
633 1605 663 1674 δὴ
679 1605 774 1660 Μυσῶν
789 1604 927 1678 ieirnpisor
942 1601 1055 1675 incipero

507 1675 669 1738 ‘Parmenides
682 1673 794 1799 repugnat
806 1675 869 1748 pcipe
882 1674 907 1729 t'
920 1672 989 1746 ἠρίον
1005 1671 1145 1764 Αἰῐαίαινοτ

504 1746 588 1800 τυτθόν
601 1745 660 1800 inis
672 1748 696 1802 Φ
714 1765 744 1818 ογ
752 1766 782 1813 ης
795 1745 960 1818 παραμίτραον
972 1741 1138 1817 αἶοοροωντας,

504 1816 534 1884 δὴ
547 1814 599 1871 τότ’
615 1766 754 1888 stolidius
767 1815 915 1902 supp-guitot
929 1815 1047 1888 οἴδματος
1061 1813 1150 1878 ὁλκοὺς

501 1883 618 2009 gordias
631 1883 687 1949 ἆξον
700 1881 810 1958 ipttpds.
824 1905 887 1974 arcp
902 1887 992 1957 τρύφος
1006 1882 1071 1939 dita
1085 1884 1128 1958 pir
1142 1881 1221 1946 sdtdt-

504 1977 578 2090 ,τα
591 1952 1182 2099 ‚trip„intrusissent-tw

505 2095 645 2151 sanandus
661 2111 667 2124 ·
684 2107 765 2169 χεῖρας
778 2096 826 2169 γὰρ
841 2092 943 2165 ἆήδτοον
957 2094 1114 2170 ἧριμίοοαατ.

338 2355 469 2420 Valerius
488 2358 524 2421 de
549 2359 594 2422 his
619 2358 749 2422 uersibus
772 2359 923 2441 complura
944 2357 1114 2442 adsumpsit,
1140 2358 1191 2421 sed
1213 2378 1276 2421 rem
1297 2359 1389 2440 ipsam

299 2445 473 2510 immutauit.
496 2449 624 2510 Primum
643 2449 732 2522 eninr,
753 2467 873 2510 omnem
894 2447 1088 2510 eruditionem
1108 2445 1267 2522 fastidiens,
1289 2445 1389 2510 locum

298 2531 392 2593 nbiea
405 2548 564 2595 euenerunt
577 2536 798 2614 praetermittit;
813 2533 928 2609 deinde,
942 2554 979 2596 ne
993 2553 1028 2595 er
1037 2536 1272 2614 Argonautarum
1282 2535 1389 2596 uirtute

299 2619 406 2702 aliquid
425 2619 573 2684 detrahere
593 2621 737 2695 uideatur,
758 2641 811 2683 eos
832 2641 945 2694 omnes,
965 2622 994 2682 in
1012 2621 1112 2704 primis
1132 2621 1275 2704 Eurytum
1290 2634 1320 2683 et
1332 2620 1392 2682 Ta·

295 2705 376 2768 laun
396 2708 525 2784 ealdan,
546 2711 622 2770 inter
641 2729 673 2771 se
694 2709 730 2770 ad
752 2723 899 2788 certamen
919 2722 1114 2790 prouocantes
1136 2709 1281 2784 ostendit;
1302 2707 1389 2791 atque

297 2794 372 2856 adeo
391 2815 437 2858 res
456 2815 517 2858 non
535 2815 605 2858 casu
625 2797 742 2878 accidit,
764 2798 902 2879 quoniam
923 2795 1062 2859 Hercules
1082 2797 1145 2878 ipse
1165 2794 1280 2858 acribus
1293 2794 1388 2858 uerbis

298 2883 471 2964 remigantes
490 2885 588 2948 socios
609 2885 738 2968 increpat
756 2897 785 2946 et
802 2885 840 2946 ad
857 2885 1077 2948 contentionem
1089 2897 1189 2960 uocat,
1203 2884 1313 2946 uiribus
1327 2883 1386 2945 suis

261 3005 264 3010 -
298 2967 399 3035 fretus.
420 2971 559 3034 Ceterum
579 2986 684 3054 poetae
704 2973 797 3035 nostri
818 2974 961 3035 sententia
978 2972 1196 3056 splendetretsi
1214 2971 1279 3054 plus
1291 2991 1387 3054 aequo

298 3057 442 3139 quaedam
454 3058 610 3141 amplificat
623 3073 652 3122 et
665 3057 800 3122 libentius
810 3073 948 3142 quattuor
957 3059 1013 3121 illis
1024 3060 1094 3121 uiris
1103 3058 1260 3121 deturbetis
1268 3057 1385 3123 insistit.

458 3265 654 3321 ...Instaurant
666 3263 746 3336 primi
759 3264 903 3320 certamina
917 3263 985 3320 liber
996 3265 1095 3320 amictu
1213 3277 1215 3284 “

454 3334 569 3406 Eurytus
582 3345 609 3388 et
621 3333 698 3388 dictis
713 3332 790 3390 Talai
804 3350 861 3388 non
873 3337 979 3390 territus
992 3335 1069 3400 ldas3

454 3402 520 3462 inde
533 3402 578 3459 alii
592 3405 636 3459 inc
684 3401 778 3458 itanta
807 3420 842 3458 ue
852 3419 967 3477 aequora
981 3415 1087 3476 pectore
1101 3403 1206 3461 tollunt.

475 3489 506 3528 ar
581 3475 619 3528 itu
632 3420 760 3546 emaque
773 3415 858 3540 ἶλαι,
873 3488 1032 3547 uersumque
1046 3473 1165 3530 uicissim

453 3611 576 3668 Alciden
591 3630 607 3664 s
647 3614 752 3668 uisnam
765 3612 817 3668 hos
831 3624 909 3668 uocat
923 3613 951 3668 in
964 3615 1110 3668 certamina
1122 3611 1262 3670 fluctusia

453 3679 536 3750 Dixit,
552 3692 579 3738 et
593 3683 697 3738 intortis
711 3681 857 3756 adsurgens
869 3683 967 3738 arduus
980 3684 1059 3739 undis

453 3753 584 3818 Percussit
595 3753 684 3809 subito
697 3751 838 3827 deceptum
851 3749 982 3826 fragmine
997 3763 1097 3826 pectus,
1215 3815 1218 3826 ,
1259 3799 1278 3834 „⁴
1315 3823 1327 3832 ..
1352 3816 1357 3832 ⁸

346 3865 363 3888 „
452 3821 478 3878 A
506 3839 540 3878 ue
555 3823 584 3880 in
595 3833 671 3896 terga
684 3839 765 3880 ruens
778 3821 892 3880 Talaum
908 3821 1057 3908 sortemque
1071 3823 1207 3880 Eriboten·

406 3951 409 3958 ·
437 3891 1198 4054 fernrnuuuartnusnttm

452 3474 493 3600 {ti
525 3553 567 3598 tur
579 3545 607 3597 lu
618 3558 736 3678 &uppem
751 3557 827 3598 remo
841 3559 922 3601 mare.
939 3545 1035 3601 uetus
1050 3542 1146 3616 etipse

327 4275 348 4310 a.
355 4265 434 4311 Δηια.
442 4266 533 4326 depe„
542 4268 561 4322 1,
571 4269 620 4315 rada
630 4281 677 4327 σῃ.
684 4271 774 4315 -Vas,
784 4269 874 4328 Arpos..
884 4269 924 4322 111.
933 4279 975 4325 ατο
983 4282 1029 4327 sqq.
