2996 4792
752 305 968 358 ..22-

306 445 415 508 tulisse
428 443 513 509 uobis
526 443 641 506 uidetur
654 439 797 505 Herodoti
811 437 859 502 illa
872 437 908 501 de
923 436 1039 522 Scythis
1048 455 1190 522 equarum
1198 437 1274 502 lscte
1283 455 1402 502 uescen-

304 532 391 596 tibus
404 532 502 607 uerba,
517 550 585 594 cum
598 529 681 592 finxit
694 528 861 612 choaspem
870 526 938 612 equi
947 526 992 588 sul
1001 544 1137 589 cruorem
1145 526 1260 610 saepius
1268 524 1401 590 haurien-

190 669 196 676 .
305 630 402 683 Μ’.

566 703 704 763 bellatoris
717 705 777 778 equi
792 714 929 776 potante·
942 717 1020 758 cerne
1034 715 1151 758 cruores.

303 857 412 939 Neque
434 869 532 917 tameo
555 867 624 917 tuuc
649 854 764 917 Valen'o
786 870 803 914 e
825 864 923 914 mente
950 849 1117 914 exciderant
1144 849 1257 914 Horatii
1281 850 1399 936 quidam

304 963 411 1006 uersus
423 943 473 1027 qui
486 943 544 1006 ium
557 957 624 1006 aute
637 943 673 1006 ad
687 943 844 1026 Hispanam
857 939 1065 1004 Concauorum
1079 951 1198 1024 gentem
1205 953 1340 1024 spectans
1349 940 1399 1002 de·

271 1055 276 1060 ·
330 1033 339 1047 '
380 1045 452 1095 erst.

305 1051 379 1114 pm
422 1133 424 1136 ⁴
561 1118 707 1177 ...laetum
720 1117 818 1191 equino
831 1119 961 1188 stngulue
973 1115 1133 1172 Concanum
1141 1122 1160 1174 ¹.

346 1263 543 1337 SicValerius,
554 1261 640 1326 rebus
654 1265 722 1346 ipsis
732 1261 873 1326 adductus
883 1276 916 1326 ut
924 1263 1098 1347 Scytharum
1111 1263 1246 1344 regiones
1255 1275 1286 1325 et
1299 1281 1397 1325 mores

303 1351 485 1436 depingeret,
499 1351 596 1434 plures
615 1351 721 1414 doctos
739 1365 874 1414 auctores
891 1365 1009 1414 secutus
1027 1365 1083 1427 est,
1099 1350 1151 1414 sed
1163 1369 1237 1434 quae
1251 1349 1394 1424 tumebat,

303 1440 425 1522 ingenio
451 1458 506 1501 suo
534 1437 703 1523 indulgens,
726 1436 814 1501 libere
842 1438 999 1520 explicabit
1021 1451 1051 1501 et
1073 1435 1110 1500 ad
1136 1457 1244 1501 nouam
1271 1435 1395 1501 formam

303 1527 435 1609 redegit3
450 1546 495 1588 res
509 1545 581 1589 uero
595 1527 672 1608 ipsas
691 1539 839 1609 tamquam
858 1525 979 1589 mollem
997 1540 1028 1589 et
1046 1524 1225 1589 tractabilem
1246 1525 1395 1588 materiam

302 1613 428 1696 subegit.
442 1614 505 1676 llrti
518 1614 596 1676 euim
610 1615 702 1696 magis
721 1632 809 1696 quam
828 1627 948 1677 naturae
966 1614 1093 1690 iunixus,
1112 1612 1255 1698 quaesibi
1268 1612 1395 1696 splendi-

302 1701 384 1763 diora
405 1700 569 1763 uiderentur
589 1702 775 1784 potissimum
794 1699 929 1784 eligebat.
952 1703 1031 1766 Dum
1051 1700 1242 1764 barbarorum
1261 1720 1346 1764 usum
1365 1714 1394 1766 et

302 1791 380 1851 uitae
392 1789 635 1852 cousuetudinem
649 1790 794 1872 exprimit,
810 1810 871 1853 uon
884 1809 973 1854 omne
988 1791 1106 1853 uiuendi
1119 1809 1211 1875 genus
1219 1790 1331 1873 recipit,
1340 1791 1393 1854 sed

302 1894 337 1938 ea
358 1876 562 1940 tautummodo
584 1889 679 1953 notat,
702 1896 777 1962 quae
794 1879 926 1961 personis
945 1890 975 1941 et
993 1878 1079 1942 rebus
1101 1876 1209 1964 aliquid
1230 1879 1394 1942 omameuti
1466 1895 1473 1928 ε

302 1963 350 2028 nel
362 1964 498 2048 ponderis
510 1965 626 2028 addant.
642 1966 703 2027 Nec
716 1978 814 2030 tamen
826 1966 948 2030 nimium
961 1966 1110 2031 aneritate
1119 1965 1248 2031 discedit.
1261 1967 1393 2050 Namque

301 2053 378 2135 apud
400 2053 539 2117 barbaros
560 2067 625 2116 tum
646 2053 748 2117 luxum
770 2068 800 2118 et
823 2075 919 2119 acrem
938 2055 1016 2119 illam
1035 2057 1179 2138 pretiosae
1193 2055 1334 2139 cuiusque
1350 2056 1392 2118 rei

301 2141 486 2223 cupiditatem
509 2155 540 2206 et
561 2161 709 2206 armorum
730 2143 876 2221 sordium,
898 2157 961 2206 tum
983 2163 1088 2208 saeuos
1111 2163 1209 2208 mores
1232 2143 1392 2227 rudemque

302 2233 440 2295 uirtutem
458 2246 488 2296 et
507 2245 628 2296 toruum
649 2231 763 2296 uultum
786 2233 822 2296 ad
845 2233 992 2317 exemplar
1012 2233 1126 2297 Horatii
1149 2231 1273 2320 effingit.
1296 2233 1392 2298 Semel

274 2339 278 2345 ·
302 2321 391 2384 ctiam
412 2340 499 2384 ausus
519 2334 563 2383 est
579 2319 728 2385 Thracum
745 2342 863 2406 corpus,
884 2323 963 2386 notis
984 2337 1205 2407 compunctum,
1229 2321 1286 2387 hoc
1304 2342 1391 2387 uersu

302 2407 470 2493 designare:

480 2552 554 2609 Plcta
568 2569 664 2609 manus
677 2563 789 2627 ustoque
802 2553 889 2626 placet
901 2554 947 2610 sed
961 2553 1072 2610 barbara
1087 2561 1204 2613 meutol.

296 2698 436 2784 chlamys
450 2720 507 2785 qua
520 2701 639 2765 indutus
651 2715 696 2765 est
708 2703 789 2766 Aron
798 2703 883 2788 pictis
897 2705 987 2788 siguis
1001 2662 1112 2781 hbrret,
1127 2704 1315 2793 eiusdemque
1323 2725 1390 2770 cae-

296 2789 384 2852 sarics
398 2807 517 2853 crocum
532 2789 602 2854 olet.
891 2820 896 2827 ·

840 2873 996 2932 ...horrida
1010 2874 1093 2945 slguls
1171 2906 1173 2912 ·

468 2940 521 2997 eut
534 2939 653 3014 chlamys
668 2952 694 2997 et
707 2942 790 2998 multa
804 2946 884 3016 spirat
899 2960 978 3000 coma
992 2941 1087 3000 llexills
1100 2952 1189 3002 aura⁴.

295 3089 377 3150 llum
395 3089 576 3173 gemmisque
593 3091 744 3174 splendent
764 3112 867 3156 omues
885 3095 992 3157 Aeetae
1011 3093 1167 3167 conuiuae,
1183 3093 1343 3178 adregiam
1357 3110 1386 3159 et

243 3213 246 3217 -
296 3173 468 3256 hospitalem
487 3196 619 3240 mensam
640 3178 708 3242 laeti
730 3180 874 3244 sedentes.
897 3180 954 3243 Sed
976 3180 1018 3244 illi
1041 3179 1319 3264 ducem-magnifico
1338 3183 1385 3245 isti

294 3261 375 3326 luxui
388 3284 487 3347 parem
499 3269 587 3330 animi
601 3267 830 3350 magnitudinem
846 3269 876 3332 in
891 3269 1009 3353 proeliis
1024 3270 1174 3347 exhibent,
1189 3268 1297 3335 nedum
1311 3270 1386 3333 mol·

293 3349 354 3414 litia
366 3369 596 3437 corrumpantur.
611 3355 659 3419 Sic
677 3356 799 3438 Mycelis
817 3356 853 3421 ad
872 3357 980 3421 bellum
999 3356 1197 3423 incedentibus
1215 3356 1298 3422 uitidi
1317 3372 1385 3423 sunt
1436 3416 1440 3424 .

293 3452 324 3502 et
340 3443 450 3525 compti
467 3443 573 3526 capilli.
587 3442 666 3508 Tum
684 3444 838 3509 bellatores
857 3447 972 3525 adsunt,
993 3449 1106 3526 armati,
1125 3448 1200 3512 truci
1219 3447 1314 3512 uultu.¹
1333 3447 1384 3511 llle

292 3527 402 3592 hirsuta
423 3549 508 3593 coma
530 3530 675 3616 barbaque
697 3533 823 3598 demissa
843 3537 947 3618 surgit,
968 3535 1017 3599 hic
1039 3536 1156 3602 horrida
1176 3537 1288 3622 tigridis
1309 3535 1384 3621 pelle

285 3618 468 3699 inuoluitur,
480 3621 611 3705 galerum
625 3622 783 3710 bracasque
794 3645 910 3711 gerens.
923 3625 925 3630 ’

500 3762 605 3826 Tenuit
618 3781 674 3822 uon
689 3763 765 3822 illum
778 3765 915 3823 candentis
929 3767 1038 3824 carbasa
1050 3768 1109 3836 liul,
1200 3813 1201 3820 ,

498 3833 560 3891 Nou
574 3851 640 3892 auro
654 3836 757 3909 depicta
771 3835 901 3911 chlamys,
916 3843 971 3894 uon
985 3837 1056 3926 flaua
1068 3839 1151 3966 galeri
1206 3841 1207 3844 ’

497 3903 633 3964 Caesarlet
646 3906 771 3983 pictoque
785 3911 877 3966 luuaut
890 3909 1058 3982 subtegmine
1086 3917 1184 3970 racael.

290 4033 498 4050 ψ

1285 3991 1305 4027 N
1380 3996 1384 4035 ζ

316 4090 734 4169 r.vau1r20q.,s,rs5.-ttnoson
741 4109 808 4164 mm,
887 4123 906 4167 y.
916 4112 969 4156 Vas.
980 4111 1071 4168 Argos..
1080 4109 1109 4165 ll,
1121 4123 1166 4167 rra.

287 4155 357 4238 ''r‘
433 4171 506 4239 qn,
885 4183 1102 4241 ,.r·.,v,5ss·qq.

198 4285 202 4291 .
315 4241 701 4310 alienatum-ambrum.
822 4269 825 4275 ι
887 4251 1005 4311 plum,
1016 4263 1061 4312 say.
