2970 4802
560 342 596 354 ι.
648 323 687 392 9³
735 339 778 352 .-

119 461 176 511 tur.
192 449 222 512 Si
242 448 319 512 lorte
340 451 454 534 penitus
475 453 505 514 in
525 471 557 515 se
575 451 777 534 introspiciens
800 448 869 535 quid
890 449 1004 515 consilii
1026 453 1225 536 gerat'aniria

120 537 248 621 requirit,
263 537 383 601 miratur
397 539 458 622 ipsa
477 552 584 624 quanta
602 559 671 602 cura
690 535 726 601 ad
745 537 826 602 illum
845 539 940 602 uirum
958 539 1008 624 qui
1027 559 1098 602 mor
1115 553 1224 604 tauros

120 625 158 688 sit
176 624 339 689 domiturus
360 641 389 690 et
408 641 468 691 tam
487 628 568 691 triste
589 625 750 710 periculum
771 626 900 691 aditurus
921 627 1052 690 intendat
1072 629 1220 692 animum.

119 713 255 777 Timores
268 713 386 800 quidem
400 716 466 780 illos
480 731 617 780 excutere
632 729 768 793 conatur,
1225 745 1229 752 Δ

346 848 422 906 Tlatr'
438 847 479 918 ini
493 849 601 918 hauheins
614 847 669 905 τόδ’
685 849 738 923 ign
753 845 848 922 ὅχοςῑς
853 891 905 907 .....
1057 815 1059 822 l

121 968 172 1034 sed
184 971 214 1033 in
227 973 344 1047 somnio
356 972 487 1056 (somnia
499 972 670 1036 mortalibus
683 972 811 1056 luppiter
830 973 943 1035 mittere
961 971 1052 1054 solet)
1067 973 1171 1038 clarius
1181 994 1220 1038 ea
1294 950 1299 958 ¹
1320 1043 1330 1052 ,
1422 935 1442 1058 ¹·

122 1059 201 1121 uidet
222 1079 295 1144 quae
314 1060 438 1145 uigilans
457 1082 516 1125 non
536 1061 642 1124 audeat
663 1075 761 1124 mente
783 1061 911 1146 fingere3
935 1080 989 1124 nec
1010 1063 1128 1138 mirum,
1148 1064 1220 1146 quia

122 1165 244 1208 sumnus
267 1146 422 1211 hominum
449 1149 543 1212 oculis
571 1149 646 1212 haud
673 1167 739 1210 raro
760 1149 901 1232 imagines
924 1149 1063 1230 quasdam
1087 1150 1217 1233 praebet,

122 1252 243 1318 quarum
259 1237 365 1318 primas
379 1235 495 1299 duxisse
509 1235 598 1298 lineas
614 1235 729 1298 uidetur
741 1235 859 1298 diurnae
878 1236 1065 1318 cogitationis
1079 1237 1218 1300 naturalis

123 1333 153 1382 et
166 1321 256 1384 inscia
269 1322 324 1386 uis.
339 1323 416 1386 Tum
431 1323 561 1400 demum,
576 1324 694 1386 somnio
708 1324 822 1386 monita
835 1323 921 1408 uirgo
934 1341 1004 1386 suos
1018 1342 1119 1387 sensus
1132 1323 1220 1389 intel·
1327 1343 1331 1350 ·

39 1461 43 1470 .
122 1407 219 1492 legere
233 1411 352 1493 coepit;
366 1413 455 1475 sentit
469 1413 547 1474 enim
561 1431 593 1474 se
606 1409 716 1496 impelli
729 1425 761 1474 ut
772 1408 922 1495 hospitem
935 1411 970 1474 ab
989 1413 1071 1475 omni
1085 1412 1218 1496 periculo

121 1494 224 1562 liberet
238 1512 326 1584 atque
337 1499 368 1562 in
381 1501 533 1565 Graeciam
547 1514 704 1586 sequatur3
719 1499 761 1564 sic
774 1497 833 1563 lata
847 1499 977 1564 uoluisse
986 1500 1086 1577 coicit,
1097 1500 1150 1564 sed
1159 1501 1219 1564 uir·

122 1585 275 1670 ginitatem
298 1608 381 1652 suam
403 1604 613 1673 parentumque
631 1589 765 1666 domum,
790 1587 979 1652 uehementer
1001 1602 1093 1666 mota,
1112 1589 1218 1672 pudori

109 1675 260 1750 ,ferociter
273 1677 369 1741 innixa
384 1677 566 1742 recordatur²
579 1678 652 1741 etin
665 1678 706 1740 eis
721 1677 806 1740 rebus
824 1689 922 1740 mente
936 1677 1101 1762 requiescit.
1116 1680 1155 1742 ht
1168 1677 1218 1741 ubi

123 1763 284 1848 Chalciope
297 1785 392 1844 soror,
407 1787 480 1851 quae
495 1767 531 1830 de
548 1767 614 1829 filiis
632 1767 692 1830 suis
705 1767 790 1829 anxia
804 1780 858 1842 cst,
876 1765 1007 1828 Medeam
1022 1766 1130 1842 inuisit,
1146 1768 1220 1829 mira¹

124 1851 278 1915 calliditate
291 1855 407 1917 Aeetias
422 1853 469 1917 illa
483 1854 579 1939 uirgo,
596 1855 706 1918 lasonis
720 1855 812 1917 amori
827 1853 943 1931 cedens,
955 1873 1022 1916 cum
1036 1854 1219 1918 animaduer-

42 2013 45 2020 Α
124 1953 167 2002 tat
186 1940 240 2004 sibi
259 1943 412 2028 sororique
434 1963 504 2006 suae
525 1943 617 2006 multa
637 1942 725 2004 simul
744 1944 903 2006 conuenire
926 1962 980 2006 nec
1001 1963 1088 2025 posse
1112 1944 1218 2006 seruari

124 2027 300 2114 Chalciopes
314 2030 390 2094 filios
404 2033 460 2094 nisi
473 2030 627 2094 incolumis
641 2032 692 2093 fiat
706 2032 801 2107 lason,
817 2032 857 2093 ita
872 2050 933 2092 rent
947 2032 1021 2116 gerit
1035 2046 1068 2094 ut
1081 2031 1218 2094 Chalcio·
1250 2069 1256 2075 -

125 2138 179 2200 pae
193 2121 307 2183 somnia
320 2119 368 2182 illa
382 2139 442 2182 oon
463 2121 525 2183 sine
543 2119 713 2204 quibusdam
732 2119 977 2182 mendaciunculis
990 2134 1084 2182 narret
1101 2133 1131 2182 ct
1144 2139 1217 2205 quae
1250 2109 1261 2128 ”

125 2207 187 2289 ipsa
201 2227 260 2270 non
274 2209 378 2272 audeat
391 2207 467 2272 ultro
480 2210 624 2292 suscipere
639 2209 740 2272 eadem
754 2207 826 2271 haec
845 2230 862 2271 a
879 2227 982 2272 sorore
999 2208 1117 2293 aggredi
1129 2227 1220 2292 coga-

125 2309 182 2359 tur.
196 2297 270 2357 Nam
286 2296 357 2359 haec
370 2317 387 2358 a
401 2297 503 2359 Medea
518 2299 591 2379 petit
605 2310 637 2360 ut
655 2298 782 2380 Graecis¹
792 2295 915 2359 salutem
934 2295 1062 2374 adferat;
1076 2297 1115 2359 ita
1132 2298 1218 2379 uirgo

125 2385 239 2448 consilii
253 2384 300 2448 cui
319 2386 380 2467 ipsa
399 2383 514 2448 fauebat
532 2385 647 2470 pondus
667 2386 696 2449 in
715 2385 800 2448 mam
818 2390 1026 2464 conuertebat;
1041 2384 1099 2449 hoc
1118 2398 1178 2448 erat
1191 2385 1219 2447 ei

124 2474 259 2537 ultimum
273 2474 394 2556 pudoris
408 2474 583 2558 perfugium,
595 2496 628 2538 ac
643 2476 770 2558 primunt
785 2474 977 2537 mendacium.
990 2474 1046 2537 Sed
1060 2475 1165 2537 mirum
1175 2486 1221 2536 est

126 2576 265 2647 quantum
279 2583 309 2625 se
323 2565 384 2646 ipsa
398 2563 535 2646 decipiat,
551 2563 720 2626 uehementi
737 2563 789 2627 illo
806 2583 907 2626 amore
925 2577 1025 2646 rapta3
1040 2576 1121 2648 putat
1139 2563 1219 2626 eoim

125 2671 157 2712 se
177 2651 382 2715 tantummodo
403 2651 513 2735 hospiti
530 2651 567 2714 ad
584 2653 739 2715 uictoriam
761 2651 926 2729 subuenire,
945 2671 1040 2736 neque
1061 2651 1130 2737 quid
1148 2670 1218 2714 uere

126 2740 230 2802 sentiat
244 2740 414 2822 dignoscere
429 2753 536 2823 potest.
553 2741 630 2802 Cum
643 2741 733 2822 igitur
746 2741 878 2822 promisit
897 2759 928 2802 se
947 2739 982 2801 ad
1004 2742 1126 2802 Hecates
1146 2753 1221 2802 tent·

126 2827 205 2911 plum
221 2843 340 2911 postero
355 2828 402 2890 die
420 2848 487 2889 curn
507 2831 610 2898 iasone
628 2828 852 2902 collocuturam,
868 2826 929 2890 sola
948 2829 977 2888 in
996 2827 1121 2890 obscuro
1139 2828 1221 2891 cubi-

127 2915 194 2978 culo
209 2917 346 2997 diffusum
360 2918 389 2977 in
409 2914 541 2977 medullis
555 2913 625 2977 illud
643 2935 789 2978 uenenum
807 2915 963 2996 experitur,
982 2929 1012 2976 et
1029 2915 1132 2978 clarius
1150 2913 1220 2999 quid

128 3004 255 3085 postulet
275 3005 353 3067 bona
373 3003 459 3078 lama,
480 3024 537 3087 qua
557 3016 586 3066 et
605 3023 693 3088 quam
716 3023 801 3067 caeca
822 3004 853 3065 ui
873 3001 1035 3085 impellatur
1057 3003 1218 3087 agnosciti.

126 3093 232 3155 Secum
252 3093 315 3157 sola
335 3111 465 3168 manens,
484 3092 565 3156 omni
586 3113 645 3176 ope
665 3111 776 3170 carens,
798 3093 855 3155 huc
875 3091 944 3154 illuc
965 3105 1061 3155 mente
1083 3091 1216 3170 uertitur,
1275 3165 1281 3178 ¹

56 3223 59 3229 -
128 3180 197 3264 quid
210 3181 324 3245 consilii
338 3181 433 3262 capiat
447 3181 554 3244 nescia.
570 3179 647 3264 'lum
659 3182 799 3266 ,laquem
817 3180 948 3264 deserere
967 3181 1089 3264 cogitat,
1104 3193 1168 3244 tum
1186 3191 1219 3242 ut
1285 3217 1287 3220 -

127 3270 169 3333 ilii
182 3271 295 3354 sibique
308 3267 501 3332 umsalutem
514 3270 695 3347 commodet,
709 3269 773 3333 uult
789 3271 925 3332 iuuenem
943 3269 1067 3352 primum
1084 3261 1219 3345 liberare,

127 3359 232 3422 deinde
248 3360 303 3421 sibi
323 3371 448 3420 mortem
466 3351 667 3436 co'nsciscere;
682 3359 774 3421 immo
788 3377 934 3421 uenenum
948 3371 1040 3440 parnt,
1057 3358 1138 3442 quasi
1156 3376 1218 3420 rem
1317 3353 1320 3359 ’

128 3448 288 3512 decreuerit
302 3447 381 3510 breui
399 3447 561 3530 agendam;
576 3448 627 3511 sed
643 3448 702 3509 iam
721 3465 752 3508 se
768 3447 846 3509 uitae
862 3446 1014 3510 lenociniis
1031 3459 1061 3510 et
1074 3445 1217 3530 uirginum

79 3553 82 3558 ·
128 3536 290 3622 aequalium
302 3534 376 3598 ludis
391 3534 485 3598 adhuc
498 3531 633 3600 delectari
646 3535 762 3612 fatemr,
778 3554 833 3598 nec
845 3548 943 3598 tamen
960 3535 1045 3618 plane
1063 3535 1142 3598 uidet
1160 3533 1219 3598 hoc

127 3625 200 3691 lucis
214 3623 434 3690 desideriumer
450 3643 551 3690 amore
563 3625 627 3710 ipso
642 3625 736 3688 oririt.
751 3625 800 3687 Sic
817 3619 847 3686 in
865 3623 960 3687 uarias
978 3637 1073 3708 partes
1089 3636 1218 3688 mentem

127 3717 226 3794 trahit,
246 3713 353 3794 donec,
371 3714 452 3778 uicto
469 3713 596 3800 pudore,
614 3713 709 3794 lasoni
727 3732 815 3799 opem
833 3711 907 3777 serre
927 3726 1019 3798 parat.
1035 3713 1219 3809 Querelcum

156 3941 175 3984 r,
184 3930 262 3973 ΑνοιιῚ
274 3927 362 3985 Arpos„
372 3929 412 3980 iil,
422 3928 462 3982 464

155 4003 174 4036 a.
186 3990 227 4043 le..
238 3991 277 4044 lii,
287 3991 326 4046 636
335 4005 382 4049 sqq.
742 4044 743 4048 Ἰ

156 4065 174 4107 1.
185 4053 217 4096 ns
226 4052 264 4097 irre
274 4066 362 4111 μηοιιι
372 4054 491 4110 praesertin
508 4052 536 4096 aii
568 4066 595 4095 os
609 4053 672 4095 nia·
685 4051 792 4110 Apollonii
808 4051 911 4110 pumen,
921 4052 969 4096 aida
984 4053 1174 4106 namucensem,
1186 4047 1220 4096 be

128 4105 238 4162 Apollonii
247 4107 322 4151 libelii
331 4107 487 4164 Argoreariclr,
496 4106 560 4150 Periti
569 4121 586 4158 s,
599 4108 655 4161 repa,
666 4105 865 4202 qpqelegnnelsairae
873 4105 912 4149 hos
920 4105 1221 4164 Hedeeemmsdeplaxit-
1289 4128 1292 4133 ·

129 4159 164 4206 cl.
176 4161 308 4212 Wetcunr,
320 4160 382 4204 veles
390 4159 426 4202 das
435 4157 498 4202 ledea
514 4159 557 4214 aed
571 4159 655 4202 vernes

128 4213 269 4257 cranmere
278 4213 385 4272 Apollonii
393 4224 414 4255 er
423 4212 503 4255 Valerii
513 4215 614 4270 perrone

154 4288 177 4328 4.
186 4277 265 4320 mit.
275 4277 363 4331 Argen,
373 4275 402 4326 11,
411 4276 448 4318 eor
459 4287 505 4332 sqq.

714 4158 846 4215 Apollonias.
858 4159 920 4203 Piera
930 4160 956 4203 ab
965 4171 992 4203 eo
1005 4160 1096 4202 uetusti
1109 4171 1183 4203 sense
1196 4159 1219 4202 h
