2996 4792
757 197 799 210 ..
846 178 886 244 34
929 195 971 208 ..

319 311 383 372 siae
396 311 432 372 de
445 310 624 372 inconstante
640 306 732 371 filiolo
747 307 887 390 queritur,
903 306 965 368 siue
978 307 1118 368 Amorem
1132 303 1256 368 dulciter
1268 305 1407 388 increpat,

216 449 224 455 .
320 399 382 459 siue
401 399 509 460 amicas
529 393 564 458 de
585 393 788 458 beneuolentia
808 413 861 457 sua
880 393 949 456 iacit
969 393 1137 456 certiores¹.
1152 393 1231 456 Tum
1250 393 1408 477 agricolam

320 483 368 546 uel
380 483 529 567 opificem,
543 495 631 545 nocte
644 480 777 557 cadente,
796 495 864 564 post
885 479 990 564 longos
1010 479 1125 542 labores
1144 479 1266 543 domurn
1286 481 1410 544 redeun-

318 585 377 632 tem
394 569 543 645 effetum¹,
562 584 625 632 tum
648 568 778 651 placidae
799 569 894 631 noctis
918 569 1047 650 quietem
1066 567 1094 628 in
1113 565 1209 630 silenti
1229 569 1312 644 urbe,
1330 567 1408 632 dulci

317 656 512 720 misericordia
525 655 662 718 subtilem
675 655 847 738 elegantiam
861 669 1035 736 temperans,
1050 655 1124 716 mira
1145 656 1267 718 ueritate
1285 671 1315 718 et
1333 675 1409 739 quo-

316 743 383 806 dam
396 745 484 807 animi
497 758 582 806 motu
597 743 755 825 depingitt.
773 743 827 804 llic
841 741 911 804 solis
925 741 1020 805 radios
1039 742 1149 804 circum
1170 741 1314 805 lacunaria
1333 743 1408 805 uoli-

315 845 409 900 tantes
432 845 462 895 et
484 833 513 894 in
534 850 621 894 aereo
643 829 724 893 labro
747 829 910 907 ludentest,
932 828 989 892 illic
1010 833 1028 890 a'
1040 829 1108 892 luna
1125 828 1273 893 collucens
1287 831 1407 914 uirginis

314 920 463 984 maedam
477 919 596 1003 pallium
604 929 626 994 ς,
642 917 689 980 uel
709 917 807 982 fuluos
827 917 912 1001 lupos
933 917 1022 980 ouilia
1043 917 1233 980 inuadentes‘
1246 917 1294 980 uel
1314 919 1407 982 boues

219 1013 223 1020 '
248 999 254 1006 ’
314 1009 385 1091 iugo
398 1009 566 1092 suppositos
579 1008 659 1071 sicco
673 1026 724 1070 ore
742 1005 908 1069 anhelantes
928 1025 981 1069 nec
998 1005 1053 1069 sub
1071 1007 1133 1089 ipsa
1150 1021 1238 1070 nocte
1259 1007 1289 1070 in
1308 1005 1406 1070 laboro

313 1107 476 1158 cessantes?
489 1097 529 1158 ita
543 1095 665 1158 illustrat
678 1109 711 1158 ut
724 1114 770 1157 res
784 1107 813 1156 et
828 1095 983 1156 animantia
991 1093 1085 1158 oculis
1096 1095 1204 1174 nostris
1213 1094 1305 1158 subici
1316 1110 1358 1172 et,
1374 1109 1407 1158 ut

312 1186 568 1264 indicamento
589 1185 730 1248 orationis
750 1204 858 1267 corpus
880 1185 1007 1246 eminere
1030 1182 1193 1247 uideantur.
1219 1183 1404 1269 Plerumque,

311 1275 391 1358 quod
405 1295 476 1339 mox
490 1274 766 1349 demonstrabimus,
781 1273 833 1336 has
847 1272 988 1355 imagines
1002 1274 1032 1335 in
1049 1275 1285 1356 comparationes
1300 1274 1405 1358 qubus

310 1377 376 1446 apte
390 1364 480 1428 utitur
493 1364 617 1427 inserere
631 1364 717 1427 solet.
733 1365 832 1425 Artem
847 1376 944 1424 tamen
957 1361 1036 1425 illam
1050 1363 1194 1446 integram
1212 1363 1243 1426 in
1262 1365 1404 1428 narrando

309 1453 436 1517 exhibet.
459 1453 538 1516 Nihil
560 1468 604 1516 est
627 1450 783 1516 mirabilius
806 1470 894 1536 quam
915 1471 984 1515 cum
1007 1450 1193 1534 crepusculo,
1214 1447 1279 1516 aera
1303 1452 1406 1516 leniter

307 1541 452 1614 scindens,
476 1542 610 1625 pharetra
631 1542 800 1624 crepitante,
823 1541 932 1624 Apollo
955 1562 991 1604 ex
1019 1543 1115 1624 Lyciis
1138 1542 1228 1605 redux
1253 1545 1402 1625 apparet⁸.

309 1633 383 1695 Eros
404 1631 452 1694 ille
475 1631 504 1694 in
527 1631 660 1694 Medeam
681 1649 780 1714 arcum
802 1629 968 1706 intendens,
991 1631 1075 1694 cuius
1097 1630 1222 1715 lepidam
1246 1632 1402 1714 imaginem

308 1735 392 1802 putes
411 1741 447 1784 ex
467 1719 628 1804 anaglyptis
647 1717 819 1803 quibusdam
844 1739 908 1783 esse
930 1719 1067 1797 ablatam,
1091 1739 1189 1784 nonne
1212 1719 1264 1784 tibi
1289 1722 1405 1784 uidetur
1467 1715 1483 1756 ³²

307 1810 492 1872 aninumr?
504 1809 583 1871 Nihil
597 1807 789 1890 splendidiore
803 1809 905 1873 colore
918 1808 996 1872 lucet
1010 1829 1098 1893 quam
1112 1809 1152 1872 illi
1163 1829 1264 1873 uersus
1273 1809 1322 1873 ubi
1332 1810 1403 1874 labri

307 1897 424 1960 officina
433 1898 550 1960 flamma
557 1897 716 1960 illustratur
724 1912 753 1960 et
760 1917 850 1961 rauco
857 1899 977 1980 strepitu
985 1912 1103 1961 resonat
1110 1909 1143 1960 ¹⁰.
1155 1900 1250 1962 lmrno
1259 1899 1402 1962 fluctuum

307 1985 432 2049 soonam
446 2001 476 2050 et
489 1985 619 2049 colorem
634 2001 694 2048 tam
709 1988 788 2048 uarie
801 1986 969 2050 distinctum
984 2001 1050 2069 apte
1073 1985 1227 2064 describit;
1248 1988 1297 2051 hic
1315 2008 1404 2070 aqua-

176 2102 180 2109 ·
307 2095 372 2138 rum
386 2076 471 2138 turbo
484 2077 552 2138 naui
565 2076 710 2151 imminet,
723 2095 797 2160 quae
805 2094 866 2138 uno
876 2074 1060 2158 gubernaculi
1071 2089 1156 2140 motu
1166 2077 1316 2160 emergit¹¹
1325 2100 1334 2153 ;
1344 2076 1402 2141 illic

237 2219 238 2224 ,
308 2163 494 2246 gubernator,
509 2165 540 2226 in
552 2165 683 2248 angustis
702 2162 930 2248 Symplegadum
950 2163 1093 2237 faucibus,
1115 2185 1183 2228 cum
1203 2167 1292 2228 uastis
1312 2165 1402 2228 unda·

307 2272 373 2316 rum
386 2253 512 2316 molibus
525 2252 654 2337 undique
666 2252 900 2316 incumbentibus
914 2267 1018 2329 certat,
1033 2253 1104 2316 dum
1121 2256 1312 2338 Argonauta,
1333 2253 1402 2317 hor·

307 2359 373 2404 rore
385 2341 522 2424 perculsi,
532 2361 598 2404 saxa
608 2343 729 2425 propius
742 2343 849 2404 sensim
859 2341 1024 2405 accedentia
1033 2343 1179 2428 utrimque
1188 2339 1326 2420 cernunt3
1337 2364 1402 2408 cur·

306 2443 413 2493 uantur
424 2431 454 2492 ln
467 2449 567 2494 arcum
580 2431 667 2499 remia
680 2444 710 2492 et
728 2429 810 2493 nauis
828 2449 846 2492 e
862 2428 1011 2513 profundo
1031 2451 1153 2516 surgens
1171 2433 1255 2517 quasi
1276 2432 1399 2496 rotunda

304 2535 350 2579 res
364 2517 394 2580 in
405 2537 523 2582 summo
535 2536 664 2603 aequore
677 2518 778 2594 currit,
792 2535 847 2582 nec
861 2530 961 2581 tamen
973 2535 1011 2582 ex
1025 2519 1137 2604 ingenti
1155 2518 1270 2584 turbine
1287 2519 1402 2584 detrudi

303 2618 402 2688 potest
411 2615 445 2670 ¹⁸.
465 2606 594 2670 Eandem
612 2605 692 2670 illam
711 2605 885 2691 elegantiam
904 2607 935 2670 in
954 2606 1157 2672 adumbrandis
1171 2609 1299 2673 minimis
1313 2609 1400 2674 rebus

303 2692 431 2757 adhibet.
449 2694 530 2769 Quid
545 2694 582 2757 de
593 2693 716 2778 sphaera
729 2693 777 2758 illa
790 2713 862 2758 caua
877 2707 907 2758 et
921 2695 1028 2759 rimosa
1043 2708 1072 2759 et
1084 2715 1172 2760 aurea
1186 2717 1274 2782 quam
1284 2699 1401 2763 excudit

302 2779 462 2858 Vulcanus,
477 2785 608 2846 Deorum
620 2782 691 2864 ludo
704 2795 804 2867 aptum
819 2802 937 2861 munus,
948 2781 1091 2847 dicam¹⁵i
1106 2785 1163 2847 Sed
1173 2785 1203 2848 in
1212 2785 1401 2872 depingendis

304 2871 391 2932 uariis
404 2871 478 2934 ruris
491 2871 674 2954 adspectibus
695 2871 785 2956 longe
804 2871 964 2956 praecellit,
985 2892 1037 2935 seu
1052 2872 1122 2937 niue
1135 2872 1252 2937 hiemali
1266 2889 1399 2958 opertam

286 2991 288 2994 ·
304 2970 335 3020 et
352 2959 494 3022 nitentem
513 2974 619 3023 terram
627 2969 663 3036 ¹⁴,
685 2979 737 3022 seu
758 2979 875 3024 roseam
889 2962 1020 3024 Aurorae
1034 2959 1279 3044 nubemplacido
1294 2964 1352 3026 ruri
1370 2976 1399 3026 et

303 3045 417 3128 pallidis
430 3045 549 3110 callibus
561 3062 593 3112 et
604 3047 746 3112 uiridibus
758 3048 834 3131 agris
848 3048 1007 3112 obductam
1022 3049 1191 3113 ostendito.
1202 3051 1265 3114 Hae
1278 3064 1348 3114 suut
1357 3063 1400 3114 ta·

292 3133 400 3211 bulae,
413 3137 501 3198 uariis
513 3136 663 3200 coloribus
674 3135 811 3200 a·callido
825 3133 934 3200 artifice
948 3137 1111 3200 distinctae.

344 3224 457 3287 Omnes
481 3223 597 3288 nauales
625 3225 851 3317 exercitationes
877 3239 908 3288 et
935 3226 1144 3310 quodcumque
1174 3225 1211 3290 ad
1241 3227 1398 3312 regendam

331 3469 351 3502 a.
361 3459 438 3503 Aaou.
449 3460 538 3517 Arpos..
548 3461 587 3514 lli,
598 3463 623 3517 56
631 3475 678 3520 sqq.

329 3537 545 3598 nnmmm.

331 3617 554 3676 amffimm

328 3693 557 3755 *mmmm

330 3773 506 3832 amma

323 3853 536 3926 tmstmw

286 3947 288 3951 ’
322 3939 345 3986 7·
354 3927 539 3989 bolliam·

326 3989 546 4068 ιωηωῂ.

324 4087 554 4164 emm-mus·
