2970 4802
804 749 863 834 IX

713 1065 760 1132 lle
782 1067 955 1152 personis.

327 1367 387 1444 Sic,
408 1367 436 1430 in
457 1364 561 1429 Valerii
578 1386 696 1431 carmen
713 1367 957 1451 introspicientes,
976 1363 1172 1430 intelleximus
1192 1379 1298 1452 quanta
1316 1379 1379 1428 arte

289 1475 385 1520 rerum
399 1458 549 1530 materiam
562 1457 793 1534 immutauisset;
815 1475 861 1520 res
882 1471 981 1520 autem
1001 1469 1120 1540 poetam
1140 1455 1245 1520 melius
1263 1453 1379 1519 ordina·

288 1547 365 1608 nisse
377 1559 407 1608 et
419 1565 498 1608 noua
511 1541 699 1629 personarum
713 1545 906 1628 descriptione
920 1559 949 1608 et
962 1545 1105 1630 frequenti
1119 1547 1249 1609 Deorum
1257 1545 1380 1607 interce-

287 1633 417 1696 dentium
431 1654 522 1717 opera
535 1637 696 1710 ornauisse,
710 1653 786 1696 nunc
800 1635 883 1697 nobis
897 1635 925 1698 in
941 1635 1039 1696 animo
1055 1648 1099 1697 est
1116 1633 1281 1698 ostendere.
1298 1635 1378 1695 Haec

286 1736 331 1784 est
343 1725 421 1785 enirn
434 1723 563 1786 cuiusuis
576 1737 681 1806 poetae
699 1742 814 1785 summa
827 1721 890 1786 laus
907 1721 1037 1786 lucidum
1055 1741 1151 1786 rerum
1170 1722 1303 1784 ordinem
1319 1739 1379 1783 ser·
1404 1761 1421 1786 ,ι

287 1830 357 1872 uare
370 1825 400 1872 et
414 1811 506 1872 uarias
520 1830 708 1892 personarum
723 1824 836 1872 mentes
850 1824 916 1891 apte
930 1811 1096 1894 depingere.

326 1899 394 1960 Non
407 1896 530 1960 dubitari
545 1910 642 1980 potest
657 1899 725 1981 quin
739 1897 870 1960 Valerius
885 1892 1006 1961 conatus
1020 1898 1100 1960 sitin
1114 1899 1222 1960 iustum
1240 1910 1270 1960 et
1291 1895 1379 1959 deco-

288 2005 353 2048 rum
367 2007 473 2070 eorpus
487 1986 614 2071 singulas
628 1986 763 2049 carminis
777 2001 872 2069 partes
886 1984 1026 2071 redigere.
1042 1987 1150 2050 Omnia
1164 1985 1194 2048 in
1206 2004 1244 2048 eo
1259 1983 1378 2068 pulchre

287 2075 361 2138 inter
373 2095 405 2138 se
426 2075 609 2139 cohaerentia
630 2075 775 2140 uidentur.
800 2077 871 2151 Quo
891 2075 1016 2140 multum
1037 2075 1227 2160 Apollonium
1247 2086 1376 2157 superat,

288 2165 380 2246 quiin
396 2165 541 2228 narrandis
555 2163 640 2227 rebus
653 2179 822 2248 temporum
834 2165 938 2228 seriem
952 2179 997 2230 est
1010 2165 1165 2228 adsecutus
1179 2178 1208 2227 et
1229 2164 1315 2227 uariis
1335 2181 1379 2226 er·

191 2329 193 2336 y
286 2252 399 2316 roribus
414 2253 473 2316 buc
486 2252 555 2316 illuc
570 2254 676 2316 uersati
690 2253 801 2316 lasonis
820 2256 944 2338 uestigia
963 2253 1078 2316 institit.
1099 2255 1138 2316 At
1159 2267 1247 2336 poeta
1267 2265 1379 2329 nomer,

286 2339 390 2416 multa,
404 2343 506 2404 utiam
523 2342 799 2418 demomtrauimus‚
814 2361 888 2426 quae
906 2342 942 2405 de
962 2341 1117 2426 proposito
1139 2341 1250 2425 digredi
1270 2340 1379 2403 iudica·

286 2428 346 2506 bat,
360 2431 479 2508 recidit;
495 2430 588 2494 noluit
602 2432 680 2493 enim
693 2428 730 2494 de
744 2429 924 2516 geographia
937 2429 985 2495 nel
999 2429 1037 2494 de
1054 2430 1190 2514 mythicis
1210 2430 1314 2492 sabulis
1335 2429 1380 2491 iu·

208 2579 211 2583 .
286 2520 346 2582 sius
359 2518 507 2584 disserere.
529 2520 670 2583 Ceterum
682 2521 782 2583 omnia
797 2519 839 2583 sic
852 2517 996 2602 disposuit
1015 2531 1047 2582 ut
1066 2519 1171 2583 melius
1185 2519 1260 2583 inter
1278 2537 1310 2581 se
1328 2538 1379 2582 co-

285 2621 469 2672 necterentur
482 2621 511 2671 et
524 2611 605 2691 quasi
618 2608 763 2692 quendam
778 2627 955 2672 eonsensum
968 2607 1150 2692 effingerent.
1167 2607 1246 2671 Nihil
1255 2627 1328 2692 ergo
1343 2607 1379 2670 de

286 2696 387 2780 puerili
399 2697 447 2760 iila
460 2699 559 2760 auium
573 2697 669 2760 fabula
683 2717 758 2782 quae
771 2698 802 2760 in
814 2697 949 2762 hretiade
966 2696 1059 2761 insula
1072 2696 1239 2761 habitabant
1254 2695 1377 2772 rettulit,

286 2784 357 2848 nihn
374 2784 410 2848 de
428 2784 565 2848 Paraebio
586 2785 634 2849 uel
654 2786 690 2848 de
708 2785 812 2849 Etesiis
830 2787 938 2864 uentis,
958 2806 1012 2849 nec
1030 2787 1186 2870 quicquam
1204 2786 1264 2848 lere
1282 2785 1379 2848 Phrixi

286 2872 352 2936 filiis
375 2873 491 2958 reliquit
511 2875 686 2958 agendum¹.
710 2876 813 2960 Neque
836 2895 907 2939 uero
930 2873 1020 2938 ullam
1044 2874 1113 2938 iacit
1140 2875 1319 2937 mentionem
1342 2873 1379 2936 de

286 2961 397 3046 proelio
412 2963 491 3047 quod
505 2963 610 3026 Graeci
622 2976 691 3047 post
704 2963 848 3048 singulare
857 2964 961 3048 Amyci
970 2976 999 3025 et
1009 2963 1136 3027 Pollucis
1151 2977 1297 3026 certamen
1311 2981 1379 3025 cum

169 3060 171 3064 ’
285 3049 458 3134 bebrycibus
471 3063 691 3127 conseruerunt,
705 3071 775 3114 sane
788 3065 821 3114 ut
833 3054 977 3116 rationem
988 3072 1045 3135 qua
1055 3069 1100 3114 res
1110 3053 1185 3114 inter
1194 3071 1225 3113 se
1235 3051 1380 3134 excipiant

285 3138 436 3201 clariorem
452 3138 557 3202 efficiat
577 3153 607 3201 et
626 3159 817 3222 personarum
836 3153 949 3215 mentes
970 3140 1074 3202 melius
1088 3139 1241 3204 illustret¹.
1256 3139 1305 3201 Sic
1318 3156 1380 3200 non

284 3224 373 3302 forte,
387 3227 439 3290 sed
452 3226 577 3311 Cybeles
590 3229 632 3290 ira
649 3229 836 3312 Argonautae
857 3227 894 3290 ad
914 3227 1055 3310 Cyzicum
1073 3225 1279 3290 reducunturt.
1302 3228 1379 3314 Apte

223 3477 224 3480 ψ
284 3327 854 3465 ἷέήᾙῗῗέεἱὶΐῖἐζῖἓῖἕῑῗῖἓιῗέ
867 3334 940 3464 tlt:
953 3315 1123 3466 iiim
1139 3313 1380 3485 hstium

285 3487 379 3550 oculis
391 3488 527 3564 obicitur,
543 3503 654 3552 etcum
672 3488 811 3572 Orpheus
824 3488 903 3572 lyrae
917 3489 1041 3552 chordas
1054 3488 1188 3572 impellit,
1204 3509 1265 3552 non
1282 3509 1381 3576 rerum

285 3588 418 3638 naturam
430 3596 448 3637 e
461 3577 546 3639 Chao
559 3577 704 3640 orientem
718 3575 854 3654 celebrat,
870 3576 921 3640 sed
934 3577 1027 3660 ipsam
1036 3578 1134 3641 Phrixi
1148 3577 1293 3642 laudemt.
1309 3579 1380 3640 Pro·

284 3663 435 3726 metheum
448 3682 567 3747 quoque
580 3683 641 3727 non
654 3662 763 3740 solum,
779 3663 927 3747 Apollonii
941 3665 1041 3743 instar,
1056 3666 1092 3728 ad
1111 3665 1235 3728 Caucasi
1249 3663 1318 3748 iuga
1330 3683 1380 3728 os·

285 3750 378 3812 tendit
390 3749 522 3827 affixum,
537 3749 588 3814 sed
600 3750 637 3814 ab
655 3750 781 3814 Hercule
802 3750 854 3815 illo
872 3750 1037 3827 liberatum,
1054 3753 1138 3816 cuius
1155 3752 1214 3815 iam
1233 3750 1392 3834 praeclara

285 3837 362 3931 iacta
374 3853 442 3900 ante
452 3837 567 3902 laudata
580 3851 658 3915 sunt,
673 3852 704 3901 et
715 3839 879 3902 tristisairm
891 3837 961 3923 iuga
981 3839 1017 3902 ab
1036 3839 1213 3922 Argonautis
1221 3851 1295 3902 tam
1314 3859 1380 3922 gra·

313 4019 807 4113 a.o·rda=munnm.ar1n.,n,a5s
871 4057 1225 4114 *cummanum

272 4103 807 4168 ¹m,eareatnnnottttant.rexnam·
885 4119 1209 4187 atrum-‚mmmmm
1339 4175 1340 4180 η

285 4158 593 4218 mssfflfflffl·
781 4194 784 4201 ·
885 4199 1248 4258 uenustas-„naamam
1430 4193 1432 4200 ⁴
