2996 4792
163 426 168 433 ·
305 356 472 468 Succedunt
489 401 614 464 inuicem
634 401 793 486 Drangrei,
815 402 889 466 circa
907 399 1009 466 iudum
1029 399 1140 466 flumen
1158 401 1340 486 congregati,
1362 415 1393 464 et

306 491 442 570 Hyrcana
458 490 584 570 agmina,
599 500 630 551 et
646 489 800 572 Arimaspi,
823 488 859 551 ad
878 489 1116 572 septemtrionem
1137 507 1240 552 uersus
1253 488 1402 572 populus,-

306 587 459 656 postremo
478 576 647 653 Exomatae,
668 576 762 638 monti
788 573 892 637 Emodi
914 574 1059 650 confines,
1080 576 1204 658 Torynl,
1224 575 1393 650 Satarchae,

176 641 185 742 ἶ
304 663 428 725 Tanaim
441 662 581 738 colentes,
596 665 739 727 Centores
752 677 783 727 et
796 663 941 726 Choatrae
954 677 984 726 et
997 662 1158 726 lialloniti¹.

345 754 424 814 Haec
436 751 525 834 longa
538 753 690 815 nominum
698 753 787 814 series
797 751 902 814 Valerii
913 750 988 813 baud
997 750 1188 834 spernendam
1197 749 1392 814 eruditionem

304 839 403 902 testari
416 840 540 903 uidetur.
556 840 743 925 Quapropter
756 837 884 924 equibus
893 837 1022 902 lontibus
1032 838 1211 903 haecomnia
1220 839 1392 922 deprompta

305 941 402 990 essem
413 946 634 1012 nonnumquam
647 929 810 1014 quaesitum
825 941 887 1006 est3
902 927 954 990 aed
968 927 1031 990 talis
1045 927 1192 1012 indagatio
1207 947 1259 1010 per
1271 945 1304 989 ae
1317 925 1393 990 diffi-

304 1014 368 1078 cilis
381 1029 425 1078 est
438 1029 468 1078 et
481 1035 568 1098 saepe
580 1017 712 1080 criticum
727 1018 757 1078 in
775 1015 832 1079 hoc
846 1014 956 1079 inducit
970 1029 1003 1079 ιι
1016 1030 1126 1080 temere
1139 1016 1257 1100 longius
1271 1035 1392 1099 progre-

305 1103 399 1166 diatur
416 1118 446 1166 et
464 1103 551 1166 latius
569 1103 734 1168 concludat.
753 1105 813 1166 lam
827 1104 921 1166 notari
935 1105 1032 1186 potuit
1045 1103 1181 1187 pleraque
1195 1105 1315 1166 nomina
1329 1123 1391 1166 non

304 1190 400 1253 solum
415 1191 492 1275 apud
506 1191 663 1266 Valerium,
678 1190 729 1254 sed
748 1193 835 1253 etiam
853 1190 929 1275 apud
946 1190 1053 1253 Melam
1072 1204 1101 1253 et
1114 1191 1238 1254 Plinium
1253 1210 1316 1253 esse
1329 1211 1390 1253 me·

303 1288 443 1341 morata².
458 1281 497 1341 Αι
511 1299 571 1341 ιιι
586 1278 621 1341 de
635 1278 693 1342 hoe
707 1277 805 1362 colligi
820 1291 916 1362 potest
929 1291 1024 1342 totam
1037 1278 1112 1342 hanc
1124 1279 1267 1362 poematia
1278 1291 1388 1361 partem

303 1366 340 1429 ad
358 1367 423 1430 illos
443 1368 598 1451 scriptores
621 1365 719 1431 referri
741 1367 853 1432 debere.
877 1367 1010 1432 Fortasse
1031 1367 1109 1432 ιιιίιι
1128 1365 1259 1431 Valerius
1280 1365 1389 1430 cladem

302 1455 430 1519 sontibus
450 1457 493 1519 uti
514 1457 622 1539 potuit,
644 1476 661 1519 e
681 1456 784 1541 quibua
804 1455 845 1518 illi
871 1456 929 1519 iarn
956 1455 1046 1519 muha
1070 1455 1326 1540 deprompserant;
1350 1456 1390 1518 ita

264 1555 272 1576 ¹
302 1544 389 1618 forte,
404 1566 465 1608 non
482 1544 605 1608 consilio
624 1564 692 1608 cum
709 1545 763 1608 illis
781 1558 864 1629 putes
883 1560 1002 1627 poetam
1021 1546 1202 1628 congruisse.
1218 1545 1304 1620 Nam,
1321 1563 1389 1607 cum

179 1696 182 1702 ,
301 1633 360 1695 iam
372 1633 484 1696 illamm
499 1635 651 1718 regionum
664 1634 737 1695 situs
750 1647 780 1696 et
793 1634 889 1696 uariae
898 1647 1000 1716 gentes
1009 1631 1112 1697 mehus
1122 1633 1264 1718 cognosci
1276 1633 1391 1715 coepis-

301 1735 376 1799 sent,
391 1722 555 1806 complures
568 1741 637 1784 sane
652 1720 731 1785 docti
745 1723 799 1784 uiri
813 1721 851 1783 de
865 1721 1002 1784 Sarmatis
1021 1735 1050 1784 et
1062 1721 1215 1806 lazygibus
1234 1734 1263 1784 et
1278 1721 1389 1785 Bastar·

301 1812 345 1872 nis
365 1825 445 1873 erant
465 1810 574 1887 locuti;
596 1813 738 1872 incertum
759 1811 848 1894 igitur
865 1829 928 1872 ease
946 1823 1044 1894 potest
1062 1829 1100 1872 au
1113 1829 1130 1871 e
1144 1809 1237 1873 Plinio
1251 1809 1300 1872 uel
1313 1810 1389 1873 Mela

301 1899 503 1962 tantummodo
522 1917 556 1960 ac
576 1917 637 1960 non
656 1899 754 1982 potius
772 1917 808 1961 es
826 1899 994 1962 auctoribus
1012 1917 1139 1983 quorum
1162 1917 1251 1981 opera
1275 1899 1389 1962 ercide-
1446 1885 1472 1902 ‘⁴

301 2001 367 2050 runt
381 1987 520 2071 quaedam
535 1985 672 2049 hauserit.
688 1985 836 2073 Quicquid
850 1987 880 2050 id
894 1999 951 2064 est,
965 1985 1038 2049 nihil
1050 1986 1081 2049 in
1094 1986 1200 2049 Valerii
1215 1987 1387 2051 carminibus

301 2074 508 2158 deprehendas,
523 2074 604 2159 quod
618 2075 720 2158 ingens
728 2075 924 2139 doctrinarum
933 2073 1062 2138 studium
1071 2095 1139 2138 nere
1149 2074 1294 2138 exhibeat.
1306 2077 1387 2140 Erret

301 2165 351 2247 qui
364 2162 539 2226 contendere
552 2163 657 2225 audeat
671 2178 815 2246 apoetam
833 2163 954 2226 summis
972 2163 1074 2227 studiis
1093 2161 1297 2247 geographicis
1317 2165 1389 2247 ope-

301 2271 362 2313 ram
380 2251 508 2315 dedisse!
520 2274 556 2328 ι,
570 2264 673 2314 contra
693 2253 722 2314 in
741 2251 801 2316 hoc
821 2251 945 2314 multum
960 2251 1036 2315 cedit
1048 2250 1219 2336 Apollonio,
1234 2271 1328 2338 neque
1342 2253 1387 2316 his

299 2339 384 2403 rebus
405 2355 554 2425 tamquam
574 2359 625 2423 per
645 2359 675 2402 se
696 2341 846 2423 speciosae
865 2353 894 2403 et
913 2339 999 2403 utiles
1018 2341 1087 2418 sint,
1102 2339 1272 2418 delectatur,
1288 2340 1339 2405 sed
1353 2361 1387 2405 ea
1469 2365 1471 2370 ·

166 2439 170 2442 “
299 2431 483 2512 potissimum
497 2427 576 2513 eligit
590 2447 663 2513 quae
678 2429 714 2491 ad
728 2428 885 2492 ornandam
895 2429 1046 2492 materiam
1056 2443 1215 2513 componat
1224 2427 1298 2493 etad
1307 2428 1386 2494 illam

298 2517 517 2602 pulchritudinis
534 2519 672 2602 speciem,
693 2537 780 2604 quam
796 2519 827 2580 in
845 2518 943 2582 animo
963 2518 1142 2602 conceperit,
1158 2517 1272 2582 referat.
1287 2519 1386 2584 Plures
1426 2597 1429 2604 .

298 2608 414 2694 quidem
428 2607 516 2672 libros
529 2626 597 2672 eum
612 2608 739 2672 uoluisse
754 2606 1027 2672 demonstrabimus.
1039 2609 1217 2685 Quinetiam
1227 2621 1313 2693 poeta
1325 2609 1384 2687 ille,

297 2699 347 2783 qui
368 2719 436 2763 cum
458 2698 586 2782 principe
610 2711 640 2761 et
662 2698 779 2763 delectis
801 2699 870 2762 uiris
893 2697 1010 2762 uidetur
1032 2717 1096 2762 esse
1115 2712 1258 2777 uersatus,
1278 2698 1385 2785 aliquid

297 2807 446 2852 communi
437 2787 551 2851 lamae
564 2800 595 2851 et
609 2789 813 2874 nauigaturum
827 2801 857 2852 et
871 2802 1066 2852 mercatorum
1082 2801 1111 2851 et
1119 2787 1244 2852 mrlrtum
1254 2791 1387 2854 testimo·

297 2879 352 2940 niis
363 2898 397 2941 ac
410 2876 594 2943 sermonibus
608 2875 717 2941 debuit.
732 2877 789 2941 Sed
803 2895 865 2950 rem
880 2876 1066 2962 diligentius
1058 2877 1254 2980 rnspiciamua.

336 2968 404 3030 Non
416 2967 532 3030 uidetur
543 2985 576 3029 ae
589 2965 624 3028 ad
639 2967 863 3030 Eratosthenem
876 2966 1047 3042 contulisse,
1062 2967 1145 3029 cuius
1159 2985 1234 3048 opus
1251 2985 1268 3028 a
1287 2985 1387 3030 recen·

298 3055 419 3120 tionibus
437 3053 652 3140 scriptonbus'
641 3076 698 3120 ram
716 3055 810 3119 fuerat
828 3054 1032 3119 emendatum·
1024 3103 1033 3134 ,
1047 3068 1077 3118 at
1094 3053 1166 3118 nlhil
1182 3054 1254 3118 certi
1272 3053 1308 3118 de
1326 3055 1385 3120 hoc

297 3145 459 3208 adseuerari
480 3159 579 3228 potest
601 3146 667 3228 quia
689 3165 724 3207 ea
747 3144 947 3208 Eratosthenis
968 3142 1047 3206 libris
1069 3155 1177 3207 restant
1199 3143 1383 3226 paucissima.

298 3231 457 3296 ΡῙιιίιιιιιιι
474 3246 572 3294 autem
588 3233 754 3316 Pomponio
774 3231 851 3294 Mela
871 3232 956 3294 etC.
977 3230 1070 3292 Plinio
1091 3228 1239 3305 Secundo,
1259 3249 1385 3313 quorum

297 3321 462 3386 tmdmonia
474 3322 547 3384 mire
560 3320 634 3384 inter
647 3341 678 3384 ae
691 3333 870 3406 congruunt,
886 3333 915 3383 et
934 3319 1089 3384 iierodoto
1103 3331 1133 3382 et
1150 3275 1293 3434 Strabone
1305 3318 1385 3384 duci·

297 3411 352 3474 bus
365 3431 435 3476 uana
447 3425 503 3474 est.

261 3565 264 3574 ,
336 3501 474 3564 Ceterum
487 3511 556 3562 aunt
567 3499 597 3561 in
609 3498 671 3561 eius
684 3511 820 3583 poemate
834 3515 908 3583 quae
921 3495 1041 3583 quilibet
1054 3443 1169 3601 legatus
1182 3495 1230 3560 uei
1238 3497 1383 3572 centurio,

298 3603 390 3672 nuper
401 3608 419 3652 ι
430 3587 596 3673 longinquis
609 3585 664 3650 illis
677 3587 845 3672 regionibus
859 3599 889 3649 et
901 3586 1015 3670 imperii
1029 3585 1153 3650 Romani
1168 3583 1274 3648 finibus
1287 3601 1385 3648 reuer-

297 3698 348 3743 ιιι
361 3697 388 3741 ιι
378 3677 511 3742 tradere
524 3689 635 3761 posset.
647 3676 727 3741 Talis
741 3690 786 3741 eat
799 3689 845 3741 tot
858 3675 1044 3741 diuersorum
1057 3693 1184 3749 ιιιιιιι,
1199 3687 1229 3737 ιι
1242 3673 1272 3736 in
1285 3674 1385 3759 primia

296 3779 447 3832 ιιιιοιιιι
458 3765 507 3829 acl
519 3763 685 3830 militarium
698 3765 851 3854 signorum
863 3765 1036 3849 descriptioa
1051 3763 1105 3842 sic,
1119 3775 1188 3828 cum
1205 3761 1242 3827 da
1259 3761 1384 3827 Corallis

324 4081 838 4142 uliahhgeatlbaaeaaiattaadaaraaarr
810 4081 908 4135 ιι,ιιιι
886 4088 986 4137 napta
997 4091 1120 4136 ι,,4ςιιςι
1080 4080 1155 4124 ιι
1264 4117 1267 4124 .
1311 4059 1313 4066 ’

322 4149 981 4226 ιιιιιιιιιιιιιιιιιωιιιιιιιιιιιιιιιιιιιιιι,
973 4161 1104 4210 ..praesa
1302 4132 1304 4136 ’

325 4220 865 4282 amminoni-«fibram
1233 4231 1235 4236 '
1266 4252 1268 4264 =
1369 4224 1371 4228 '
