<?xml version="1.0" encoding="UTF-8"?>
<!DOCTYPE html PUBLIC "-//W3C//DTD XHTML 1.0 Transitional//EN"
    "http://www.w3.org/TR/xhtml1/DTD/xhtml1-transitional.dtd">
<html xmlns="http://www.w3.org/1999/xhtml" xml:lang="en" lang="en">
 <head>
  <title>
</title>
<meta http-equiv="Content-Type" content="text/html;charset=utf-8" />
  <meta name='ocr-system' content='tesseract 3.04.00' />
  <meta name='ocr-capabilities' content='ocr_page ocr_carea ocr_par ocr_line ocrx_word'/>
</head>
<body>
  <div class='ocr_page' id='page_1' title='image "./devalerioflacco00harmgoog_0111.png"; bbox 0 0 2970 4802; ppageno 0'>
   <div class='ocr_carea' id='block_1_1' title="bbox 525 325 742 413">
    <p class='ocr_par' dir='ltr' id='par_1_1' title="bbox 525 325 742 413">
     <span class='ocr_line' id='line_1_1' title="bbox 525 325 742 413; baseline -0.005 -38"><span class='ocrx_word' id='word_1_1' title='bbox 525 359 568 375; x_wconf 89' lang='grc'>..</span> <span class='ocrx_word' id='word_1_2' title='bbox 612 325 742 413; x_wconf 78' lang='lat'>⁸3·-</span> 
     </span>
    </p>
   </div>
   <div class='ocr_carea' id='block_1_2' title="bbox 89 469 1253 991">
    <p class='ocr_par' dir='ltr' id='par_1_2' title="bbox 89 469 1253 991">
     <span class='ocr_line' id='line_1_2' title="bbox 91 469 1177 557; baseline 0.006 -24"><span class='ocrx_word' id='word_1_3' title='bbox 91 470 190 548; x_wconf 81' lang='lat' dir='ltr'>Quld?</span> <span class='ocrx_word' id='word_1_4' title='bbox 204 489 270 534; x_wconf 89' lang='lat' dir='ltr'>cum</span> <span class='ocrx_word' id='word_1_5' title='bbox 284 471 460 554; x_wconf 78' lang='lat' dir='ltr'><strong>Argonautis</strong></span> <span class='ocrx_word' id='word_1_6' title='bbox 473 469 576 536; x_wconf 86' lang='lat' dir='ltr'>suadet</span> <span class='ocrx_word' id='word_1_7' title='bbox 588 485 622 535; x_wconf 89' lang='lat' dir='ltr'>ot</span> <span class='ocrx_word' id='word_1_8' title='bbox 630 471 745 535; x_wconf 86' lang='lat' dir='ltr'>Tritoni</span> <span class='ocrx_word' id='word_1_9' title='bbox 757 470 873 555; x_wconf 92' lang='lat' dir='ltr'>tripoda</span> <span class='ocrx_word' id='word_1_10' title='bbox 886 469 1022 550; x_wconf 80' lang='lat' dir='ltr'>oderant,</span> <span class='ocrx_word' id='word_1_11' title='bbox 1032 473 1177 557; x_wconf 89' lang='lat' dir='ltr'>optimum</span> 
     </span>
     <span class='ocr_line' id='line_1_3' title="bbox 90 557 1179 644; baseline 0.005 -22"><span class='ocrx_word' id='word_1_12' title='bbox 90 559 242 622; x_wconf 89' lang='lat' dir='ltr'>consilium</span> <span class='ocrx_word' id='word_1_13' title='bbox 258 559 462 644; x_wconf 78' lang='lat' dir='ltr'>ingentemque</span> <span class='ocrx_word' id='word_1_14' title='bbox 475 561 563 624; x_wconf 89' lang='lat' dir='ltr'>sociis</span> <span class='ocrx_word' id='word_1_15' title='bbox 577 579 666 644; x_wconf 90' lang='lat' dir='ltr'>opem</span> <span class='ocrx_word' id='word_1_16' title='bbox 679 557 829 642; x_wconf 91' lang='lat' dir='ltr'>praebens.</span> <span class='ocrx_word' id='word_1_17' title='bbox 853 561 892 624; x_wconf 79' lang='lat' dir='ltr'>ht</span> <span class='ocrx_word' id='word_1_18' title='bbox 905 560 1035 625; x_wconf 87' lang='lat' dir='ltr'>Valerius</span> <span class='ocrx_word' id='word_1_19' title='bbox 1055 582 1114 627; x_wconf 90' lang='lat' dir='ltr'>noo</span> <span class='ocrx_word' id='word_1_20' title='bbox 1134 563 1179 627; x_wconf 90' lang='lat' dir='ltr'>in·</span> 
     </span>
     <span class='ocr_line' id='line_1_4' title="bbox 90 646 1253 736; baseline 0.006 -28"><span class='ocrx_word' id='word_1_21' title='bbox 90 647 223 710; x_wconf 80' lang='lat' dir='ltr'>consulte</span> <span class='ocrx_word' id='word_1_22' title='bbox 235 646 357 731; x_wconf 92' lang='lat' dir='ltr'>Orpheo</span> <span class='ocrx_word' id='word_1_23' title='bbox 372 648 486 711; x_wconf 88' lang='lat' dir='ltr'>uidetur</span> <span class='ocrx_word' id='word_1_24' title='bbox 506 663 610 733; x_wconf 91' lang='lat' dir='ltr'>poetae</span> <span class='ocrx_word' id='word_1_25' title='bbox 627 661 723 732; x_wconf 91' lang='lat' dir='ltr'>partes</span> <span class='ocrx_word' id='word_1_26' title='bbox 743 662 856 711; x_wconf 88' lang='lat' dir='ltr'>tanturn</span> <span class='ocrx_word' id='word_1_27' title='bbox 869 649 1058 729; x_wconf 71' lang='lat' dir='ltr'>concessisse,</span> <span class='ocrx_word' id='word_1_28' title='bbox 1078 671 1180 736; x_wconf 88' lang='lat' dir='ltr'>quam·</span> <span class='ocrx_word' id='word_1_29' title='bbox 1247 654 1253 664; x_wconf 89' lang='lat'>&#39;</span> 
     </span>
     <span class='ocr_line' id='line_1_5' title="bbox 90 734 1179 820; baseline 0.005 -21"><span class='ocrx_word' id='word_1_30' title='bbox 90 747 258 820; x_wconf 81' lang='lat' dir='ltr'>qoam&#39;eum</span> <span class='ocrx_word' id='word_1_31' title='bbox 270 734 380 800; x_wconf 91' lang='lat' dir='ltr'>inducit</span> <span class='ocrx_word' id='word_1_32' title='bbox 392 750 544 800; x_wconf 89' lang='lat' dir='ltr'>nautarum</span> <span class='ocrx_word' id='word_1_33' title='bbox 558 750 658 801; x_wconf 90' lang='lat' dir='ltr'>motus</span> <span class='ocrx_word' id='word_1_34' title='bbox 670 748 899 820; x_wconf 81' lang='lat' dir='ltr'>componentem</span> <span class='ocrx_word' id='word_1_35' title='bbox 916 749 946 800; x_wconf 86' lang='lat' dir='ltr'>et</span> <span class='ocrx_word' id='word_1_36' title='bbox 965 751 1080 803; x_wconf 84' lang='lat' dir='ltr'>ueteres</span> <span class='ocrx_word' id='word_1_37' title='bbox 1097 738 1179 804; x_wconf 81' lang='lat' dir='ltr'>iabu-</span> 
     </span>
     <span class='ocr_line' id='line_1_6' title="bbox 89 823 1179 909; baseline 0.005 -22"><span class='ocrx_word' id='word_1_38' title='bbox 89 823 131 887; x_wconf 88' lang='lat' dir='ltr'>las</span> <span class='ocrx_word' id='word_1_39' title='bbox 145 825 185 887; x_wconf 88' lang='lat' dir='ltr'>ita</span> <span class='ocrx_word' id='word_1_40' title='bbox 199 837 350 887; x_wconf 88' lang='lat' dir='ltr'>canentem</span> <span class='ocrx_word' id='word_1_41' title='bbox 369 839 402 888; x_wconf 92' lang='lat' dir='ltr'>ut</span> <span class='ocrx_word' id='word_1_42' title='bbox 421 845 520 888; x_wconf 88' lang='lat' dir='ltr'>rursus</span> <span class='ocrx_word' id='word_1_43' title='bbox 539 823 638 888; x_wconf 86' lang='lat' dir='ltr'>dulces</span> <span class='ocrx_word' id='word_1_44' title='bbox 658 839 688 888; x_wconf 91' lang='lat' dir='ltr'>et</span> <span class='ocrx_word' id='word_1_45' title='bbox 711 823 815 909; x_wconf 87' lang='lat' dir='ltr'>placidi</span> <span class='ocrx_word' id='word_1_46' title='bbox 837 845 938 889; x_wconf 89' lang='lat' dir='ltr'>sensus</span> <span class='ocrx_word' id='word_1_47' title='bbox 961 826 992 889; x_wconf 91' lang='lat' dir='ltr'>in</span> <span class='ocrx_word' id='word_1_48' title='bbox 1012 824 1179 892; x_wconf 84' lang='lat' dir='ltr'>deficientes</span> 
     </span>
     <span class='ocr_line' id='line_1_7' title="bbox 90 913 1148 991; baseline 0.005 -15"><span class='ocrx_word' id='word_1_49' title='bbox 90 913 206 976; x_wconf 90' lang='lat' dir='ltr'>animos</span> <span class='ocrx_word' id='word_1_50' title='bbox 219 913 371 991; x_wconf 82' lang='lat' dir='ltr'>redeant¹3</span> <span class='ocrx_word' id='word_1_51' title='bbox 1145 947 1148 958; x_wconf 81' lang='lat'><em>=</em></span> 
     </span>
    </p>
   </div>
   <div class='ocr_carea' id='block_1_3' title="bbox 156 1071 1068 1431">
    <p class='ocr_par' dir='ltr' id='par_1_3' title="bbox 168 1071 909 1148">
     <span class='ocr_line' id='line_1_8' title="bbox 168 1071 909 1148; baseline -0.004 -14"><span class='ocrx_word' id='word_1_52' title='bbox 168 1129 171 1134; x_wconf 90' lang='lat'><em>.</em></span> <span class='ocrx_word' id='word_1_53' title='bbox 263 1071 394 1131; x_wconf 86' lang='lat' dir='ltr'>Thracius</span> <span class='ocrx_word' id='word_1_54' title='bbox 407 1087 435 1130; x_wconf 91' lang='lat' dir='ltr'>at</span> <span class='ocrx_word' id='word_1_55' title='bbox 447 1089 552 1131; x_wconf 89' lang='lat' dir='ltr'>summa</span> <span class='ocrx_word' id='word_1_56' title='bbox 565 1074 646 1130; x_wconf 86' lang='lat' dir='ltr'>soclla</span> <span class='ocrx_word' id='word_1_57' title='bbox 658 1088 673 1129; x_wconf 90' lang='lat' dir='ltr'>e</span> <span class='ocrx_word' id='word_1_58' title='bbox 687 1089 774 1148; x_wconf 91' lang='lat' dir='ltr'>puppe</span> <span class='ocrx_word' id='word_1_59' title='bbox 788 1073 909 1131; x_wconf 72' lang='lat' dir='ltr'>saemdoo</span> 
     </span>
    </p>

    <p class='ocr_par' dir='ltr' id='par_1_4' title="bbox 156 1141 1068 1431">
     <span class='ocr_line' id='line_1_9' title="bbox 156 1141 965 1202; baseline 0 0"><span class='ocrx_word' id='word_1_60' title='bbox 156 1195 159 1202; x_wconf 90' lang='lat'><em>.</em></span> <span class='ocrx_word' id='word_1_61' title='bbox 264 1143 327 1200; x_wconf 85' lang='lat' dir='ltr'>Fata</span> <span class='ocrx_word' id='word_1_62' title='bbox 341 1145 430 1202; x_wconf 90' lang='lat' dir='ltr'>Deum</span> <span class='ocrx_word' id='word_1_63' title='bbox 443 1156 470 1202; x_wconf 94' lang='lat' dir='ltr'>et</span> <span class='ocrx_word' id='word_1_64' title='bbox 483 1147 595 1202; x_wconf 82' lang='lat' dir='ltr'>miserae</span> <span class='ocrx_word' id='word_1_65' title='bbox 608 1141 697 1202; x_wconf 85' lang='lat' dir='ltr'>solane</span> <span class='ocrx_word' id='word_1_66' title='bbox 711 1144 882 1202; x_wconf 83' lang='lat' dir='ltr'>incommoda</span> <span class='ocrx_word' id='word_1_67' title='bbox 895 1147 965 1202; x_wconf 87' lang='lat' dir='ltr'>ultae</span> 
     </span>
     <span class='ocr_line' id='line_1_10' title="bbox 263 1213 939 1289; baseline 0.003 -17"><span class='ocrx_word' id='word_1_68' title='bbox 263 1213 392 1272; x_wconf 86' lang='lat' dir='ltr'>Securum</span> <span class='ocrx_word' id='word_1_69' title='bbox 406 1219 524 1274; x_wconf 85' lang='lat' dir='ltr'>numeris</span> <span class='ocrx_word' id='word_1_70' title='bbox 536 1219 592 1289; x_wconf 86' lang='lat' dir='ltr'>agit</span> <span class='ocrx_word' id='word_1_71' title='bbox 606 1227 632 1272; x_wconf 94' lang='lat' dir='ltr'>et</span> <span class='ocrx_word' id='word_1_72' title='bbox 645 1214 802 1273; x_wconf 87' lang='lat' dir='ltr'>medicablle</span> <span class='ocrx_word' id='word_1_73' title='bbox 816 1232 939 1285; x_wconf 69' lang='lat' dir='ltr'>annena</span> 
     </span>
     <span class='ocr_line' id='line_1_11' title="bbox 264 1284 996 1360; baseline 0 -16"><span class='ocrx_word' id='word_1_74' title='bbox 264 1286 347 1352; x_wconf 90' lang='lat' dir='ltr'>Quod</span> <span class='ocrx_word' id='word_1_75' title='bbox 361 1287 441 1344; x_wconf 83' lang='lat' dir='ltr'>simul</span> <span class='ocrx_word' id='word_1_76' title='bbox 454 1288 593 1360; x_wconf 85' lang='lat' dir='ltr'>adsumpta</span> <span class='ocrx_word' id='word_1_77' title='bbox 608 1285 713 1360; x_wconf 81' lang='lat' dir='ltr'>pulsum</span> <span class='ocrx_word' id='word_1_78' title='bbox 727 1285 789 1357; x_wconf 91' lang='lat' dir='ltr'>lide,</span> <span class='ocrx_word' id='word_1_79' title='bbox 803 1284 889 1344; x_wconf 87' lang='lat' dir='ltr'>luctus</span> <span class='ocrx_word' id='word_1_80' title='bbox 903 1298 929 1344; x_wconf 92' lang='lat' dir='ltr'>et</span> <span class='ocrx_word' id='word_1_81' title='bbox 942 1289 996 1344; x_wconf 92' lang='lat' dir='ltr'>irae</span> 
     </span>
     <span class='ocr_line' id='line_1_12' title="bbox 265 1356 1068 1431; baseline 0.002 -17"><span class='ocrx_word' id='word_1_82' title='bbox 265 1357 299 1414; x_wconf 86' lang='lat' dir='ltr'>Et</span> <span class='ocrx_word' id='word_1_83' title='bbox 312 1356 388 1416; x_wconf 84' lang='lat' dir='ltr'>hbor</span> <span class='ocrx_word' id='word_1_84' title='bbox 400 1373 426 1416; x_wconf 89' lang='lat' dir='ltr'>et</span> <span class='ocrx_word' id='word_1_85' title='bbox 440 1358 531 1416; x_wconf 83' lang='lat' dir='ltr'>dulces</span> <span class='ocrx_word' id='word_1_86' title='bbox 543 1359 640 1416; x_wconf 90' lang='lat' dir='ltr'>cedunt</span> <span class='ocrx_word' id='word_1_87' title='bbox 653 1375 669 1416; x_wconf 91' lang='lat' dir='ltr'>e</span> <span class='ocrx_word' id='word_1_88' title='bbox 683 1369 794 1431; x_wconf 86' lang='lat' dir='ltr'>pectore·</span> <span class='ocrx_word' id='word_1_89' title='bbox 804 1359 882 1418; x_wconf 85' lang='lat' dir='ltr'>nati¹.</span> <span class='ocrx_word' id='word_1_90' title='bbox 921 1371 924 1377; x_wconf 84' lang='lat'>·</span> <span class='ocrx_word' id='word_1_91' title='bbox 1065 1395 1068 1400; x_wconf 93' lang='lat'><em>-</em></span> 
     </span>
    </p>
   </div>
   <div class='ocr_carea' id='block_1_4' title="bbox 44 1515 1254 2479">
    <p class='ocr_par' dir='ltr' id='par_1_5' title="bbox 92 1515 1183 1864">
     <span class='ocr_line' id='line_1_13' title="bbox 92 1515 1181 1601; baseline -0.002 -21"><span class='ocrx_word' id='word_1_92' title='bbox 92 1515 149 1580; x_wconf 91' lang='lat' dir='ltr'>Sed</span> <span class='ocrx_word' id='word_1_93' title='bbox 169 1515 236 1580; x_wconf 91' lang='lat' dir='ltr'>huic</span> <span class='ocrx_word' id='word_1_94' title='bbox 255 1535 397 1600; x_wconf 79' lang='lat' dir='ltr'>personae</span> <span class='ocrx_word' id='word_1_95' title='bbox 423 1516 624 1601; x_wconf 84' lang='lat' dir='ltr'>depingendae</span> <span class='ocrx_word' id='word_1_96' title='bbox 651 1535 711 1580; x_wconf 92' lang='lat' dir='ltr'>non</span> <span class='ocrx_word' id='word_1_97' title='bbox 739 1516 779 1579; x_wconf 93' lang='lat' dir='ltr'>ita</span> <span class='ocrx_word' id='word_1_98' title='bbox 808 1515 929 1580; x_wconf 90' lang='lat' dir='ltr'>multam</span> <span class='ocrx_word' id='word_1_99' title='bbox 949 1515 1181 1599; x_wconf 29' lang='lat' dir='ltr'>operam-dedit,</span> 
     </span>
     <span class='ocr_line' id='line_1_14' title="bbox 92 1603 1182 1690; baseline 0 -23"><span class='ocrx_word' id='word_1_100' title='bbox 92 1607 155 1669; x_wconf 86' lang='lat' dir='ltr'>siue</span> <span class='ocrx_word' id='word_1_101' title='bbox 168 1606 318 1668; x_wconf 89' lang='lat' dir='ltr'>materiam</span> <span class='ocrx_word' id='word_1_102' title='bbox 332 1606 390 1668; x_wconf 88' lang='lat' dir='ltr'>iarn</span> <span class='ocrx_word' id='word_1_103' title='bbox 405 1605 542 1668; x_wconf 84' lang='lat' dir='ltr'>obtritam</span> <span class='ocrx_word' id='word_1_104' title='bbox 557 1603 713 1681; x_wconf 89' lang='lat' dir='ltr'>iudicabat,</span> <span class='ocrx_word' id='word_1_105' title='bbox 729 1605 792 1668; x_wconf 90' lang='lat' dir='ltr'>siue</span> <span class='ocrx_word' id='word_1_106' title='bbox 805 1624 866 1688; x_wconf 89' lang='lat' dir='ltr'>quo</span> <span class='ocrx_word' id='word_1_107' title='bbox 880 1605 1069 1690; x_wconf 77' lang='lat' dir='ltr'>insigniorem</span> <span class='ocrx_word' id='word_1_108' title='bbox 1079 1603 1182 1668; x_wconf 80' lang='lat' dir='ltr'>latoni</span> 
     </span>
     <span class='ocr_line' id='line_1_15' title="bbox 92 1691 1183 1778; baseline -0.001 -21"><span class='ocrx_word' id='word_1_109' title='bbox 92 1695 146 1777; x_wconf 90' lang='lat' dir='ltr'>ipsi</span> <span class='ocrx_word' id='word_1_110' title='bbox 168 1693 267 1757; x_wconf 89' lang='lat' dir='ltr'>locum</span> <span class='ocrx_word' id='word_1_111' title='bbox 291 1706 468 1770; x_wconf 80' lang='lat' dir='ltr'>reseruaret3</span> <span class='ocrx_word' id='word_1_112' title='bbox 491 1706 622 1756; x_wconf 89' lang='lat' dir='ltr'>ceterum</span> <span class='ocrx_word' id='word_1_113' title='bbox 644 1712 681 1756; x_wconf 88' lang='lat' dir='ltr'>oe</span> <span class='ocrx_word' id='word_1_114' title='bbox 704 1691 911 1757; x_wconf 89' lang='lat' dir='ltr'>obliuiscamur</span> <span class='ocrx_word' id='word_1_115' title='bbox 936 1693 1082 1778; x_wconf 80' lang='lat' dir='ltr'>Valerium</span> <span class='ocrx_word' id='word_1_116' title='bbox 1107 1713 1183 1776; x_wconf 89' lang='lat' dir='ltr'>opus</span> 
     </span>
     <span class='ocr_line' id='line_1_16' title="bbox 92 1780 593 1864; baseline 0.006 -19"><span class='ocrx_word' id='word_1_117' title='bbox 92 1801 175 1846; x_wconf 85' lang='lat' dir='ltr'>suum</span> <span class='ocrx_word' id='word_1_118' title='bbox 188 1782 225 1844; x_wconf 90' lang='lat' dir='ltr'>ad</span> <span class='ocrx_word' id='word_1_119' title='bbox 239 1780 327 1845; x_wconf 87' lang='lat' dir='ltr'>finem</span> <span class='ocrx_word' id='word_1_120' title='bbox 341 1801 402 1845; x_wconf 89' lang='lat' dir='ltr'>non</span> <span class='ocrx_word' id='word_1_121' title='bbox 416 1781 593 1864; x_wconf 80' lang='lat' dir='ltr'>perduxisse.</span> 
     </span>
    </p>

    <p class='ocr_par' dir='ltr' id='par_1_6' title="bbox 44 1869 1254 2479">
     <span class='ocr_line' id='line_1_17' title="bbox 129 1869 1184 1955; baseline 0.001 -21"><span class='ocrx_word' id='word_1_122' title='bbox 129 1869 248 1934; x_wconf 87' lang='lat' dir='ltr'>Peleum</span> <span class='ocrx_word' id='word_1_123' title='bbox 260 1871 291 1933; x_wconf 94' lang='lat' dir='ltr'>in</span> <span class='ocrx_word' id='word_1_124' title='bbox 303 1883 477 1953; x_wconf 88' lang='lat' dir='ltr'>argumento</span> <span class='ocrx_word' id='word_1_125' title='bbox 491 1872 572 1954; x_wconf 91' lang='lat' dir='ltr'>parui</span> <span class='ocrx_word' id='word_1_126' title='bbox 585 1871 729 1934; x_wconf 87' lang='lat' dir='ltr'>momenti</span> <span class='ocrx_word' id='word_1_127' title='bbox 743 1889 807 1934; x_wconf 88' lang='lat' dir='ltr'>esse</span> <span class='ocrx_word' id='word_1_128' title='bbox 825 1870 940 1954; x_wconf 85' lang='lat' dir='ltr'>utrique</span> <span class='ocrx_word' id='word_1_129' title='bbox 958 1883 1065 1955; x_wconf 88' lang='lat' dir='ltr'>poetae</span> <span class='ocrx_word' id='word_1_130' title='bbox 1081 1871 1184 1936; x_wconf 86' lang='lat' dir='ltr'>mellus</span> 
     </span>
     <span class='ocr_line' id='line_1_18' title="bbox 44 1957 1185 2046; baseline 0 -24"><span class='ocrx_word' id='word_1_131' title='bbox 44 2039 49 2046; x_wconf 33' lang='grc'><em>,</em></span> <span class='ocrx_word' id='word_1_132' title='bbox 91 1972 135 2022; x_wconf 89' lang='lat' dir='ltr'>est</span> <span class='ocrx_word' id='word_1_133' title='bbox 147 1960 255 2023; x_wconf 87' lang='lat' dir='ltr'>uisum.</span> <span class='ocrx_word' id='word_1_134' title='bbox 272 1961 370 2035; x_wconf 89' lang='lat' dir='ltr'>Quem</span> <span class='ocrx_word' id='word_1_135' title='bbox 386 1957 559 2041; x_wconf 78' lang='lat' dir='ltr'>Apollonius</span> <span class='ocrx_word' id='word_1_136' title='bbox 572 1960 636 2020; x_wconf 89' lang='lat' dir='ltr'>miti</span> <span class='ocrx_word' id='word_1_137' title='bbox 649 1971 677 2022; x_wconf 91' lang='lat' dir='ltr'>et</span> <span class='ocrx_word' id='word_1_138' title='bbox 691 1959 812 2042; x_wconf 88' lang='lat' dir='ltr'>sapienti</span> <span class='ocrx_word' id='word_1_139' title='bbox 832 1960 950 2044; x_wconf 89' lang='lat' dir='ltr'>ingenio</span> <span class='ocrx_word' id='word_1_140' title='bbox 972 1958 1134 2042; x_wconf 90' lang='lat' dir='ltr'>praeditum</span> <span class='ocrx_word' id='word_1_141' title='bbox 1154 1973 1185 2022; x_wconf 90' lang='lat' dir='ltr'>et</span> 
     </span>
     <span class='ocr_line' id='line_1_19' title="bbox 91 2046 1254 2131; baseline -0.001 -21"><span class='ocrx_word' id='word_1_142' title='bbox 91 2067 205 2131; x_wconf 82' lang='lat' dir='ltr'>semper</span> <span class='ocrx_word' id='word_1_143' title='bbox 227 2061 359 2130; x_wconf 89' lang='lat' dir='ltr'>paratum</span> <span class='ocrx_word' id='word_1_144' title='bbox 382 2048 495 2129; x_wconf 90' lang='lat' dir='ltr'>optima</span> <span class='ocrx_word' id='word_1_145' title='bbox 517 2046 638 2110; x_wconf 85' lang='lat' dir='ltr'>consilia</span> <span class='ocrx_word' id='word_1_146' title='bbox 661 2066 795 2128; x_wconf 85' lang='lat' dir='ltr'>promere</span> <span class='ocrx_word' id='word_1_147' title='bbox 816 2047 939 2110; x_wconf 84' lang='lat' dir='ltr'>induxit.</span> <span class='ocrx_word' id='word_1_148' title='bbox 963 2047 1039 2110; x_wconf 89' lang='lat' dir='ltr'>Corn</span> <span class='ocrx_word' id='word_1_149' title='bbox 1052 2046 1184 2111; x_wconf 89' lang='lat' dir='ltr'>nauisde</span> <span class='ocrx_word' id='word_1_150' title='bbox 1249 2087 1254 2094; x_wconf 90' lang='lat'>-</span> 
     </span>
     <span class='ocr_line' id='line_1_20' title="bbox 90 2133 1184 2220; baseline 0.001 -22"><span class='ocrx_word' id='word_1_151' title='bbox 90 2137 236 2220; x_wconf 85' lang='lat' dir='ltr'>Pagasaeo</span> <span class='ocrx_word' id='word_1_152' title='bbox 254 2133 340 2198; x_wconf 87' lang='lat' dir='ltr'>lit&#39;ore</span> <span class='ocrx_word' id='word_1_153' title='bbox 358 2134 489 2209; x_wconf 88' lang='lat' dir='ltr'>discedit,</span> <span class='ocrx_word' id='word_1_154' title='bbox 509 2133 639 2198; x_wconf 79' lang='lat' dir='ltr'>Chirone</span> <span class='ocrx_word' id='word_1_155' title='bbox 657 2149 687 2197; x_wconf 94' lang='lat' dir='ltr'>et</span> <span class='ocrx_word' id='word_1_156' title='bbox 710 2134 863 2218; x_wconf 88' lang='lat' dir='ltr'>paruulum</span> <span class='ocrx_word' id='word_1_157' title='bbox 882 2133 1024 2198; x_wconf 78' lang='lat' dir='ltr'>Achillem</span> <span class='ocrx_word' id='word_1_158' title='bbox 1037 2136 1075 2199; x_wconf 91' lang='lat' dir='ltr'>ad</span> <span class='ocrx_word' id='word_1_159' title='bbox 1089 2149 1184 2199; x_wconf 85' lang='lat' dir='ltr'>eatre-</span> 
     </span>
     <span class='ocr_line' id='line_1_21' title="bbox 91 2217 1219 2305; baseline 0 -21"><span class='ocrx_word' id='word_1_160' title='bbox 91 2242 168 2284; x_wconf 90' lang='lat' dir='ltr'>mam</span> <span class='ocrx_word' id='word_1_161' title='bbox 182 2241 265 2284; x_wconf 90' lang='lat' dir='ltr'>oram</span> <span class='ocrx_word' id='word_1_162' title='bbox 279 2221 451 2283; x_wconf 88' lang='lat' dir='ltr'>accedentes</span> <span class='ocrx_word' id='word_1_163' title='bbox 463 2235 494 2282; x_wconf 93' lang='lat' dir='ltr'>et</span> <span class='ocrx_word' id='word_1_164' title='bbox 506 2221 631 2305; x_wconf 65' lang='lat' dir='ltr'>benign</span> <span class='ocrx_word' id='word_1_165' title='bbox 651 2241 738 2283; x_wconf 90' lang='lat' dir='ltr'>manu</span> <span class='ocrx_word' id='word_1_166' title='bbox 757 2221 915 2283; x_wconf 85' lang='lat' dir='ltr'>salutantes</span> <span class='ocrx_word' id='word_1_167' title='bbox 935 2224 1079 2304; x_wconf 75' lang='lat' dir='ltr'>respicio.</span> <span class='ocrx_word' id='word_1_168' title='bbox 1103 2221 1183 2284; x_wconf 89' lang='lat' dir='ltr'>ldem</span> <span class='ocrx_word' id='word_1_169' title='bbox 1216 2217 1219 2224; x_wconf 74' lang='grc'><strong>’</strong></span> 
     </span>
     <span class='ocr_line' id='line_1_22' title="bbox 90 2306 1184 2390; baseline 0 -20"><span class='ocrx_word' id='word_1_170' title='bbox 90 2307 137 2370; x_wconf 93' lang='lat' dir='ltr'>ille</span> <span class='ocrx_word' id='word_1_171' title='bbox 160 2307 197 2370; x_wconf 93' lang='lat' dir='ltr'>ad</span> <span class='ocrx_word' id='word_1_172' title='bbox 219 2306 403 2372; x_wconf 86' lang='lat' dir='ltr'>Tritonidem</span> <span class='ocrx_word' id='word_1_173' title='bbox 424 2307 532 2380; x_wconf 91' lang='lat' dir='ltr'>lacum,</span> <span class='ocrx_word' id='word_1_174' title='bbox 551 2326 625 2390; x_wconf 89' lang='lat' dir='ltr'>quae</span> <span class='ocrx_word' id='word_1_175' title='bbox 645 2309 740 2370; x_wconf 90' lang='lat' dir='ltr'>lasooi</span> <span class='ocrx_word' id='word_1_176' title='bbox 759 2307 997 2390; x_wconf 83' lang='lat' dir='ltr'>praedicanerunt</span> <span class='ocrx_word' id='word_1_177' title='bbox 1017 2308 1104 2372; x_wconf 91' lang='lat' dir='ltr'>huius</span> <span class='ocrx_word' id='word_1_178' title='bbox 1124 2307 1184 2372; x_wconf 86' lang='lat' dir='ltr'>loci</span> 
     </span>
     <span class='ocr_line' id='line_1_23' title="bbox 90 2394 1181 2479; baseline 0 -21"><span class='ocrx_word' id='word_1_179' title='bbox 90 2394 207 2458; x_wconf 83' lang='lat' dir='ltr'>accolae</span> <span class='ocrx_word' id='word_1_180' title='bbox 229 2396 320 2468; x_wconf 87' lang='lat' dir='ltr'>Deae,</span> <span class='ocrx_word' id='word_1_181' title='bbox 342 2395 577 2478; x_wconf 86' lang='lat' dir='ltr'>prudentissime,</span> <span class='ocrx_word' id='word_1_182' title='bbox 595 2394 758 2477; x_wconf 89' lang='lat' dir='ltr'>Oedipodis</span> <span class='ocrx_word' id='word_1_183' title='bbox 779 2395 923 2472; x_wconf 86' lang='lat' dir='ltr'>aemulus,</span> <span class='ocrx_word' id='word_1_184' title='bbox 945 2396 1181 2479; x_wconf 61' lang='lat' dir='ltr'>interpretatore</span> 
     </span>
    </p>
   </div>
   <div class='ocr_carea' id='block_1_5' title="bbox 89 2480 1307 2567">
    <p class='ocr_par' dir='ltr' id='par_1_7' title="bbox 89 2480 1307 2567">
     <span class='ocr_line' id='line_1_24' title="bbox 89 2480 1307 2567; baseline 0.001 -22"><span class='ocrx_word' id='word_1_185' title='bbox 89 2483 217 2546; x_wconf 88' lang='lat' dir='ltr'>Minores</span> <span class='ocrx_word' id='word_1_186' title='bbox 230 2483 319 2546; x_wconf 89' lang='lat' dir='ltr'>etiam</span> <span class='ocrx_word' id='word_1_187' title='bbox 332 2497 429 2566; x_wconf 89' lang='lat' dir='ltr'>partes</span> <span class='ocrx_word' id='word_1_188' title='bbox 442 2480 519 2566; x_wconf 90' lang='lat' dir='ltr'>apud</span> <span class='ocrx_word' id='word_1_189' title='bbox 532 2480 680 2545; x_wconf 90' lang='lat' dir='ltr'>Valerium</span> <span class='ocrx_word' id='word_1_190' title='bbox 693 2483 769 2567; x_wconf 87' lang='lat' dir='ltr'>agit;</span> <span class='ocrx_word' id='word_1_191' title='bbox 784 2483 809 2545; x_wconf 91' lang='lat' dir='ltr'>is</span> <span class='ocrx_word' id='word_1_192' title='bbox 823 2482 901 2545; x_wconf 88' lang='lat' dir='ltr'>enim</span> <span class='ocrx_word' id='word_1_193' title='bbox 915 2482 985 2545; x_wconf 92' lang='lat' dir='ltr'>nihil</span> <span class='ocrx_word' id='word_1_194' title='bbox 1001 2482 1079 2547; x_wconf 90' lang='lat' dir='ltr'>allud</span> <span class='ocrx_word' id='word_1_195' title='bbox 1097 2480 1182 2547; x_wconf 89' lang='lat' dir='ltr'>heroi</span> <span class='ocrx_word' id='word_1_196' title='bbox 1303 2559 1307 2566; x_wconf 35' lang='grc'><em>,</em></span> 
     </span>
    </p>
   </div>
   <div class='ocr_carea' id='block_1_6' title="bbox 87 2569 1182 2745">
    <p class='ocr_par' dir='ltr' id='par_1_8' title="bbox 87 2569 1182 2745">
     <span class='ocr_line' id='line_1_25' title="bbox 87 2569 1182 2656; baseline 0.002 -22"><span class='ocrx_word' id='word_1_197' title='bbox 87 2569 187 2635; x_wconf 88' lang='lat' dir='ltr'>tribuit</span> <span class='ocrx_word' id='word_1_198' title='bbox 198 2573 253 2634; x_wconf 91' lang='lat' dir='ltr'>nisi</span> <span class='ocrx_word' id='word_1_199' title='bbox 266 2572 415 2653; x_wconf 81' lang='lat' dir='ltr'>ingentem</span> <span class='ocrx_word' id='word_1_200' title='bbox 429 2570 480 2634; x_wconf 85' lang='lat' dir='ltr'>filii</span> <span class='ocrx_word' id='word_1_201' title='bbox 501 2590 633 2634; x_wconf 87' lang='lat' dir='ltr'>amorem</span> <span class='ocrx_word' id='word_1_202' title='bbox 652 2581 682 2634; x_wconf 92' lang='lat' dir='ltr'>et</span> <span class='ocrx_word' id='word_1_203' title='bbox 702 2571 851 2656; x_wconf 88' lang='lat' dir='ltr'>egregiam</span> <span class='ocrx_word' id='word_1_204' title='bbox 870 2570 1087 2652; x_wconf 69' lang='lat' dir='ltr'>fortitudinem</span> <span class='ocrx_word' id='word_1_205' title='bbox 1107 2589 1182 2655; x_wconf 86' lang='lat' dir='ltr'>quae</span> 
     </span>
     <span class='ocr_line' id='line_1_26' title="bbox 90 2657 1136 2745; baseline 0.002 -23"><span class='ocrx_word' id='word_1_206' title='bbox 90 2661 158 2724; x_wconf 90' lang='lat' dir='ltr'>satis</span> <span class='ocrx_word' id='word_1_207' title='bbox 173 2659 337 2745; x_wconf 88' lang='lat' dir='ltr'>significant</span> <span class='ocrx_word' id='word_1_208' title='bbox 350 2658 453 2724; x_wconf 88' lang='lat' dir='ltr'>ultima</span> <span class='ocrx_word' id='word_1_209' title='bbox 467 2659 543 2724; x_wconf 86' lang='lat' dir='ltr'>Pelei</span> <span class='ocrx_word' id='word_1_210' title='bbox 558 2658 657 2736; x_wconf 90' lang='lat' dir='ltr'>uerba,</span> <span class='ocrx_word' id='word_1_211' title='bbox 671 2658 708 2723; x_wconf 92' lang='lat' dir='ltr'>ad</span> <span class='ocrx_word' id='word_1_212' title='bbox 722 2661 831 2724; x_wconf 90' lang='lat' dir='ltr'>incerta</span> <span class='ocrx_word' id='word_1_213' title='bbox 844 2657 902 2723; x_wconf 86' lang='lat' dir='ltr'>fata</span> <span class='ocrx_word' id='word_1_214' title='bbox 915 2657 1136 2744; x_wconf 84' lang='lat' dir='ltr'>proficiscentis.</span> 
     </span>
    </p>
   </div>
   <div class='ocr_carea' id='block_1_7' title="bbox 282 2820 1162 3312">
    <p class='ocr_par' dir='ltr' id='par_1_9' title="bbox 282 2820 1069 2986">
     <span class='ocr_line' id='line_1_27' title="bbox 282 2820 1069 2903; baseline -0.005 -16"><span class='ocrx_word' id='word_1_215' title='bbox 282 2829 392 2888; x_wconf 86' lang='lat' dir='ltr'>.Laetus</span> <span class='ocrx_word' id='word_1_216' title='bbox 406 2841 433 2886; x_wconf 92' lang='lat' dir='ltr'>at</span> <span class='ocrx_word' id='word_1_217' title='bbox 447 2829 568 2903; x_wconf 91' lang='lat' dir='ltr'>impllclti</span> <span class='ocrx_word' id='word_1_218' title='bbox 584 2827 678 2886; x_wconf 85' lang='lat' dir='ltr'>Peleus</span> <span class='ocrx_word' id='word_1_219' title='bbox 692 2830 759 2901; x_wconf 88' lang='lat' dir='ltr'>rapit</span> <span class='ocrx_word' id='word_1_220' title='bbox 772 2826 862 2886; x_wconf 87' lang='lat' dir='ltr'>oscula</span> <span class='ocrx_word' id='word_1_221' title='bbox 875 2820 939 2898; x_wconf 84' lang='lat' dir='ltr'>riatl,</span> <span class='ocrx_word' id='word_1_222' title='bbox 1066 2892 1069 2897; x_wconf 23' lang='lat'>¹</span> 
     </span>
     <span class='ocr_line' id='line_1_28' title="bbox 297 2897 1034 2986; baseline -0.003 -28"><span class='ocrx_word' id='word_1_223' title='bbox 297 2901 503 2975; x_wconf 81' lang='lat' dir='ltr'>Susplclensque</span> <span class='ocrx_word' id='word_1_224' title='bbox 514 2901 628 2986; x_wconf 88' lang='lat' dir='ltr'>polum:</span> <span class='ocrx_word' id='word_1_225' title='bbox 647 2919 661 2952; x_wconf 74' lang='lat' dir='ltr'>o</span> <span class='ocrx_word' id='word_1_226' title='bbox 675 2899 783 2957; x_wconf 82' lang='lat' dir='ltr'>Placido</span> <span class='ocrx_word' id='word_1_227' title='bbox 795 2903 818 2956; x_wconf 88' lang='lat' dir='ltr'>sl</span> <span class='ocrx_word' id='word_1_228' title='bbox 833 2915 938 2956; x_wconf 89' lang='lat' dir='ltr'>currere</span> <span class='ocrx_word' id='word_1_229' title='bbox 951 2897 1034 2956; x_wconf 86' lang='lat' dir='ltr'>fluctu</span> 
     </span>
    </p>

    <p class='ocr_par' dir='ltr' id='par_1_10' title="bbox 295 2970 946 3046">
     <span class='ocr_line' id='line_1_29' title="bbox 295 2970 946 3046; baseline -0.003 -17"><span class='ocrx_word' id='word_1_230' title='bbox 295 2973 375 3030; x_wconf 86' lang='lat' dir='ltr'>Pelea</span> <span class='ocrx_word' id='word_1_231' title='bbox 390 2971 542 3040; x_wconf 85' lang='lat' dir='ltr'>uultis,a1t,</span> <span class='ocrx_word' id='word_1_232' title='bbox 559 2982 706 3046; x_wconf 84' lang='lat' dir='ltr'>uentosque</span> <span class='ocrx_word' id='word_1_233' title='bbox 719 2988 738 3027; x_wconf 96' lang='lat' dir='ltr'>o</span> <span class='ocrx_word' id='word_1_234' title='bbox 755 2983 811 3026; x_wconf 85' lang='lat' dir='ltr'>tare</span> <span class='ocrx_word' id='word_1_235' title='bbox 823 2970 946 3039; x_wconf 86' lang='lat' dir='ltr'>lerentee,</span> 
     </span>
    </p>

    <p class='ocr_par' dir='ltr' id='par_1_11' title="bbox 299 3041 1005 3116">
     <span class='ocr_line' id='line_1_30' title="bbox 299 3041 1005 3116; baseline -0.003 -16"><span class='ocrx_word' id='word_1_236' title='bbox 299 3045 370 3111; x_wconf 83' lang='lat' dir='ltr'>Hoc,</span> <span class='ocrx_word' id='word_1_237' title='bbox 387 3046 487 3116; x_wconf 88' lang='lat' dir='ltr'>superi,</span> <span class='ocrx_word' id='word_1_238' title='bbox 502 3053 605 3104; x_wconf 82' lang='lat' dir='ltr'>seruate</span> <span class='ocrx_word' id='word_1_239' title='bbox 618 3054 705 3115; x_wconf 90' lang='lat' dir='ltr'>caput.</span> <span class='ocrx_word' id='word_1_240' title='bbox 746 3060 763 3098; x_wconf 93' lang='grc' dir='ltr'>ιι</span> <span class='ocrx_word' id='word_1_241' title='bbox 777 3055 872 3109; x_wconf 86' lang='lat' dir='ltr'>cetera,</span> <span class='ocrx_word' id='word_1_242' title='bbox 886 3041 1005 3110; x_wconf 69' lang='lat' dir='ltr'>Chiron,</span> 
     </span>
    </p>

    <p class='ocr_par' dir='ltr' id='par_1_12' title="bbox 295 3111 1162 3312">
     <span class='ocr_line' id='line_1_31' title="bbox 295 3111 976 3202; baseline 0 -32"><span class='ocrx_word' id='word_1_243' title='bbox 295 3116 337 3202; x_wconf 77' lang='lat' dir='ltr'>Da</span> <span class='ocrx_word' id='word_1_244' title='bbox 351 3114 428 3171; x_wconf 87' lang='lat' dir='ltr'>mihi.</span> <span class='ocrx_word' id='word_1_245' title='bbox 445 3112 486 3169; x_wconf 85' lang='lat' dir='ltr'>&#39;l&#39;e</span> <span class='ocrx_word' id='word_1_246' title='bbox 499 3129 596 3186; x_wconf 90' lang='lat' dir='ltr'>paruus</span> <span class='ocrx_word' id='word_1_247' title='bbox 609 3112 691 3200; x_wconf 73' lang='lat' dir='ltr'>lituos</span> <span class='ocrx_word' id='word_1_248' title='bbox 703 3125 730 3170; x_wconf 90' lang='lat' dir='ltr'>et</span> <span class='ocrx_word' id='word_1_249' title='bbox 743 3113 811 3169; x_wconf 90' lang='lat' dir='ltr'>bella</span> <span class='ocrx_word' id='word_1_250' title='bbox 824 3111 976 3186; x_wconf 86' lang='lat' dir='ltr'>loquentem</span> 
     </span>
     <span class='ocr_line' id='line_1_32' title="bbox 295 3184 1162 3312; baseline -0.005 -1"><span class='ocrx_word' id='word_1_251' title='bbox 295 3184 533 3311; x_wconf 45' lang='lat' dir='ltr'>ppzrprpssuerpteeet</span> <span class='ocrx_word' id='word_1_252' title='bbox 543 3184 971 3312; x_wconf 40' lang='grc' dir='ltr'>Ιιἰιὲξιῄιιιιιιιιιειιιιξιιιιῖξιιειιῗωιιιιιιιιιι.</span> <span class='ocrx_word' id='word_1_253' title='bbox 1100 3247 1103 3256; x_wconf 82' lang='grc'>’</span> <span class='ocrx_word' id='word_1_254' title='bbox 1128 3240 1141 3252; x_wconf 82' lang='grc'>““</span> <span class='ocrx_word' id='word_1_255' title='bbox 1159 3237 1162 3248; x_wconf 88' lang='grc'><strong>’</strong></span> 
     </span>
    </p>
   </div>
   <div class='ocr_carea' id='block_1_8' title="bbox 81 3408 1293 4026">
    <p class='ocr_par' dir='ltr' id='par_1_13' title="bbox 81 3408 1293 4026">
     <span class='ocr_line' id='line_1_33' title="bbox 86 3408 1180 3496; baseline -0.003 -20"><span class='ocrx_word' id='word_1_256' title='bbox 86 3416 171 3488; x_wconf 94' lang='lat' dir='ltr'>Quae</span> <span class='ocrx_word' id='word_1_257' title='bbox 192 3413 291 3476; x_wconf 89' lang='lat' dir='ltr'>omnia</span> <span class='ocrx_word' id='word_1_258' title='bbox 319 3413 371 3474; x_wconf 88' lang='lat' dir='ltr'>etsi</span> <span class='ocrx_word' id='word_1_259' title='bbox 393 3431 410 3474; x_wconf 87' lang='lat' dir='ltr'>a</span> <span class='ocrx_word' id='word_1_260' title='bbox 430 3411 549 3477; x_wconf 90' lang='lat' dir='ltr'>Valerio</span> <span class='ocrx_word' id='word_1_261' title='bbox 575 3408 679 3476; x_wconf 80' lang='lat' dir='ltr'>Flacco</span> <span class='ocrx_word' id='word_1_262' title='bbox 707 3413 801 3476; x_wconf 92' lang='lat' dir='ltr'>obiter</span> <span class='ocrx_word' id='word_1_263' title='bbox 828 3411 1085 3496; x_wconf 79' lang='lat' dir='ltr'>praestringuntur,</span> <span class='ocrx_word' id='word_1_264' title='bbox 1114 3429 1180 3494; x_wconf 88' lang='lat' dir='ltr'>per·</span> 
     </span>
     <span class='ocr_line' id='line_1_34' title="bbox 87 3498 1226 3584; baseline -0.001 -22"><span class='ocrx_word' id='word_1_265' title='bbox 87 3521 175 3564; x_wconf 87' lang='lat' dir='ltr'>sonae</span> <span class='ocrx_word' id='word_1_266' title='bbox 197 3499 275 3563; x_wconf 89' lang='lat' dir='ltr'>iilius</span> <span class='ocrx_word' id='word_1_267' title='bbox 296 3499 447 3584; x_wconf 84' lang='lat' dir='ltr'>ingenium</span> <span class='ocrx_word' id='word_1_268' title='bbox 468 3499 573 3564; x_wconf 84' lang='lat' dir='ltr'>clarius</span> <span class='ocrx_word' id='word_1_269' title='bbox 596 3501 711 3564; x_wconf 87' lang='lat' dir='ltr'>uidetur</span> <span class='ocrx_word' id='word_1_270' title='bbox 733 3498 916 3583; x_wconf 75' lang='lat' dir='ltr'>depinxisse3</span> <span class='ocrx_word' id='word_1_271' title='bbox 945 3499 1003 3562; x_wconf 88' lang='lat' dir='ltr'>hoc</span> <span class='ocrx_word' id='word_1_272' title='bbox 1030 3499 1107 3561; x_wconf 90' lang='lat' dir='ltr'>enim</span> <span class='ocrx_word' id='word_1_273' title='bbox 1134 3510 1179 3560; x_wconf 87' lang='lat' dir='ltr'>est</span> <span class='ocrx_word' id='word_1_274' title='bbox 1225 3517 1226 3522; x_wconf 50' lang='lat'>¹</span> 
     </span>
     <span class='ocr_line' id='line_1_35' title="bbox 88 3587 1290 3672; baseline -0.001 -22"><span class='ocrx_word' id='word_1_275' title='bbox 88 3589 180 3650; x_wconf 88' lang='lat' dir='ltr'>Latini</span> <span class='ocrx_word' id='word_1_276' title='bbox 194 3601 301 3670; x_wconf 91' lang='lat' dir='ltr'>poetae</span> <span class='ocrx_word' id='word_1_277' title='bbox 313 3589 462 3671; x_wconf 92' lang='lat' dir='ltr'>proprium</span> <span class='ocrx_word' id='word_1_278' title='bbox 476 3609 522 3651; x_wconf 85' lang='lat' dir='ltr'>res</span> <span class='ocrx_word' id='word_1_279' title='bbox 536 3588 649 3672; x_wconf 79' lang='lat' dir='ltr'>aptiore</span> <span class='ocrx_word' id='word_1_280' title='bbox 661 3587 763 3651; x_wconf 90' lang='lat' dir='ltr'>ordine</span> <span class='ocrx_word' id='word_1_281' title='bbox 777 3587 940 3669; x_wconf 91' lang='lat' dir='ltr'>disponere.</span> <span class='ocrx_word' id='word_1_282' title='bbox 1227 3647 1230 3652; x_wconf 89' lang='grc'><strong>,</strong></span> <span class='ocrx_word' id='word_1_283' title='bbox 1287 3661 1290 3672; x_wconf 31' lang='grc' dir='ltr'>Ι</span> 
     </span>
     <span class='ocr_line' id='line_1_36' title="bbox 81 3672 1293 3758; baseline -0.005 -17"><span class='ocrx_word' id='word_1_284' title='bbox 81 3736 84 3741; x_wconf 85' lang='grc'><strong>,</strong></span> <span class='ocrx_word' id='word_1_285' title='bbox 125 3676 183 3738; x_wconf 89' lang='lat' dir='ltr'>Sed</span> <span class='ocrx_word' id='word_1_286' title='bbox 199 3694 290 3738; x_wconf 88' lang='lat' dir='ltr'>unum</span> <span class='ocrx_word' id='word_1_287' title='bbox 304 3675 458 3758; x_wconf 89' lang='lat' dir='ltr'>praecipue</span> <span class='ocrx_word' id='word_1_288' title='bbox 472 3695 508 3738; x_wconf 87' lang='lat' dir='ltr'>ea</span> <span class='ocrx_word' id='word_1_289' title='bbox 522 3675 578 3738; x_wconf 90' lang='lat' dir='ltr'>illis</span> <span class='ocrx_word' id='word_1_290' title='bbox 591 3673 729 3738; x_wconf 88' lang='lat' dir='ltr'>heroibus</span> <span class='ocrx_word' id='word_1_291' title='bbox 747 3672 869 3736; x_wconf 87' lang='lat' dir='ltr'>libenter</span> <span class='ocrx_word' id='word_1_292' title='bbox 888 3674 1039 3756; x_wconf 83' lang='lat' dir='ltr'>expressit,</span> <span class='ocrx_word' id='word_1_293' title='bbox 1059 3691 1118 3736; x_wconf 94' lang='lat' dir='ltr'>non</span> <span class='ocrx_word' id='word_1_294' title='bbox 1138 3673 1178 3737; x_wconf 92' lang='lat' dir='ltr'>ita</span> <span class='ocrx_word' id='word_1_295' title='bbox 1288 3691 1293 3702; x_wconf 57' lang='lat'>⁸</span> 
     </span>
     <span class='ocr_line' id='line_1_37' title="bbox 87 3759 1177 3846; baseline -0.003 -20"><span class='ocrx_word' id='word_1_296' title='bbox 87 3777 185 3826; x_wconf 93' lang='lat' dir='ltr'>tamen</span> <span class='ocrx_word' id='word_1_297' title='bbox 199 3780 232 3826; x_wconf 89' lang='lat' dir='ltr'>ut</span> <span class='ocrx_word' id='word_1_298' title='bbox 246 3763 293 3825; x_wconf 91' lang='lat' dir='ltr'>hic</span> <span class='ocrx_word' id='word_1_299' title='bbox 306 3764 401 3827; x_wconf 90' lang='lat' dir='ltr'>Iasoni</span> <span class='ocrx_word' id='word_1_300' title='bbox 416 3763 553 3827; x_wconf 90' lang='lat' dir='ltr'>aemulari</span> <span class='ocrx_word' id='word_1_301' title='bbox 567 3776 680 3846; x_wconf 89' lang='lat' dir='ltr'>posset.</span> <span class='ocrx_word' id='word_1_302' title='bbox 695 3761 829 3825; x_wconf 84' lang='lat' dir='ltr'>Herculis</span> <span class='ocrx_word' id='word_1_303' title='bbox 842 3761 919 3824; x_wconf 89' lang='lat' dir='ltr'>enim</span> <span class='ocrx_word' id='word_1_304' title='bbox 941 3761 1042 3824; x_wconf 91' lang='lat' dir='ltr'>uirtuti</span> <span class='ocrx_word' id='word_1_305' title='bbox 1055 3759 1177 3824; x_wconf 87' lang='lat' dir='ltr'>nimium</span> 
     </span>
     <span class='ocr_line' id='line_1_38' title="bbox 88 3847 1179 3934; baseline -0.002 -20"><span class='ocrx_word' id='word_1_306' title='bbox 88 3853 211 3916; x_wconf 85' lang='lat' dir='ltr'>sortasse</span> <span class='ocrx_word' id='word_1_307' title='bbox 224 3850 399 3934; x_wconf 81' lang='lat' dir='ltr'>Apollonius</span> <span class='ocrx_word' id='word_1_308' title='bbox 413 3852 563 3928; x_wconf 89' lang='lat' dir='ltr'>tribuerat,</span> <span class='ocrx_word' id='word_1_309' title='bbox 578 3870 646 3914; x_wconf 90' lang='lat' dir='ltr'>cum</span> <span class='ocrx_word' id='word_1_310' title='bbox 664 3849 747 3913; x_wconf 89' lang='lat' dir='ltr'>illum</span> <span class='ocrx_word' id='word_1_311' title='bbox 767 3847 878 3913; x_wconf 86' lang='lat' dir='ltr'>bellica·</span> <span class='ocrx_word' id='word_1_312' title='bbox 890 3849 974 3912; x_wconf 92' lang='lat' dir='ltr'>laude</span> <span class='ocrx_word' id='word_1_313' title='bbox 994 3849 1098 3912; x_wconf 87' lang='lat' dir='ltr'>ceteris</span> <span class='ocrx_word' id='word_1_314' title='bbox 1110 3861 1179 3930; x_wconf 19' lang='lat' dir='ltr'>,tan-</span> 
     </span>
     <span class='ocr_line' id='line_1_39' title="bbox 88 3934 1178 4026; baseline -0.003 -23"><span class='ocrx_word' id='word_1_315' title='bbox 88 3954 152 4003; x_wconf 89' lang='lat' dir='ltr'>tum</span> <span class='ocrx_word' id='word_1_316' title='bbox 165 3952 360 4024; x_wconf 87' lang='lat' dir='ltr'>praestantem</span> <span class='ocrx_word' id='word_1_317' title='bbox 373 3939 548 4024; x_wconf 83' lang='lat' dir='ltr'>significaret</span> <span class='ocrx_word' id='word_1_318' title='bbox 562 3951 596 4002; x_wconf 94' lang='lat' dir='ltr'>ut</span> <span class='ocrx_word' id='word_1_319' title='bbox 608 3937 786 4022; x_wconf 65' lang='lat' dir='ltr'>Mgooautis</span> <span class='ocrx_word' id='word_1_320' title='bbox 798 3955 916 4004; x_wconf 86' lang='lat' dir='ltr'>summo</span> <span class='ocrx_word' id='word_1_321' title='bbox 929 3935 1053 4026; x_wconf 77' lang='lat' dir='ltr'>imperio</span> <span class='ocrx_word' id='word_1_322' title='bbox 1072 3934 1178 4020; x_wconf 86' lang='lat' dir='ltr'>diguus</span> 
     </span>
    </p>
   </div>
   <div class='ocr_carea' id='block_1_9' title="bbox 89 4141 1151 4275">
    <p class='ocr_par' dir='ltr' id='par_1_14' title="bbox 89 4141 1151 4275">
     <span class='ocr_line' id='line_1_40' title="bbox 116 4141 1151 4207; baseline 0.014 -14"><span class='ocrx_word' id='word_1_323' title='bbox 116 4163 134 4196; x_wconf 94' lang='grc' dir='ltr'>ι.</span> <span class='ocrx_word' id='word_1_324' title='bbox 143 4151 197 4195; x_wconf 69' lang='lat' dir='ltr'>Van</span> <span class='ocrx_word' id='word_1_325' title='bbox 208 4141 325 4207; x_wconf 65' lang='lat' dir='ltr'>legem,</span> <span class='ocrx_word' id='word_1_326' title='bbox 338 4149 386 4207; x_wconf 65' lang='lat' dir='ltr'>tur</span> <span class='ocrx_word' id='word_1_327' title='bbox 403 4149 422 4203; x_wconf 91' lang='lat' dir='ltr'>l,</span> <span class='ocrx_word' id='word_1_328' title='bbox 431 4160 480 4206; x_wconf 72' lang='lat' dir='ltr'>apo.</span> <span class='ocrx_word' id='word_1_329' title='bbox 489 4141 517 4184; x_wconf 55' lang='grc' dir='ltr'><strong>ὲ</strong></span> <span class='ocrx_word' id='word_1_330' title='bbox 530 4146 611 4206; x_wconf 76' lang='lat' dir='ltr'>Orphei</span> <span class='ocrx_word' id='word_1_331' title='bbox 692 4159 710 4204; x_wconf 82' lang='lat' dir='ltr'>i·</span> <span class='ocrx_word' id='word_1_332' title='bbox 720 4149 800 4193; x_wconf 61' lang='grc' dir='ltr'>ΑΜ·</span> <span class='ocrx_word' id='word_1_333' title='bbox 809 4146 901 4204; x_wconf 60' lang='grc' dir='ltr'>ᾹΥΜιι</span> <span class='ocrx_word' id='word_1_334' title='bbox 911 4147 929 4200; x_wconf 77' lang='grc' dir='ltr'>Ῑι</span> <span class='ocrx_word' id='word_1_335' title='bbox 938 4159 975 4204; x_wconf 77' lang='lat' dir='ltr'>ill</span> <span class='ocrx_word' id='word_1_336' title='bbox 985 4159 1030 4206; x_wconf 65' lang='lat' dir='ltr'>&#39;lh-</span> <span class='ocrx_word' id='word_1_337' title='bbox 1147 4161 1151 4174; x_wconf 82' lang='grc'><em>’</em></span> 
     </span>
     <span class='ocr_line' id='line_1_41' title="bbox 89 4204 926 4275; baseline 0.02 -30"><span class='ocrx_word' id='word_1_338' title='bbox 89 4214 177 4247; x_wconf 74' lang='lat' dir='ltr'>canem</span> <span class='ocrx_word' id='word_1_339' title='bbox 191 4204 313 4262; x_wconf 65' lang='lat' dir='ltr'>hilam·</span> <span class='ocrx_word' id='word_1_340' title='bbox 687 4233 709 4273; x_wconf 75' lang='lat'>⁴·</span> <span class='ocrx_word' id='word_1_341' title='bbox 720 4217 810 4271; x_wconf 64' lang='lat' dir='ltr'>lam,</span> <span class='ocrx_word' id='word_1_342' title='bbox 822 4219 872 4274; x_wconf 68' lang='lat' dir='ltr'>agei</span> <span class='ocrx_word' id='word_1_343' title='bbox 880 4231 926 4275; x_wconf 71' lang='lat' dir='ltr'>sqq.</span> 
     </span>
    </p>
   </div>
   <div class='ocr_carea' id='block_1_10' title="bbox 114 4286 1048 4344">
    <p class='ocr_par' dir='ltr' id='par_1_15' title="bbox 114 4286 1048 4344">
     <span class='ocr_line' id='line_1_42' title="bbox 114 4286 1048 4344; baseline -0.001 -12"><span class='ocrx_word' id='word_1_344' title='bbox 114 4300 134 4335; x_wconf 88' lang='lat' dir='ltr'>a.</span> <span class='ocrx_word' id='word_1_345' title='bbox 145 4288 187 4344; x_wconf 74' lang='lat' dir='ltr'>lo..</span> <span class='ocrx_word' id='word_1_346' title='bbox 194 4289 233 4342; x_wconf 66' lang='lat' dir='ltr'>lv,</span> <span class='ocrx_word' id='word_1_347' title='bbox 243 4292 276 4344; x_wconf 70' lang='grc' dir='ltr'>ῦς.</span> <span class='ocrx_word' id='word_1_348' title='bbox 690 4299 709 4342; x_wconf 78' lang='lat'>5.</span> <span class='ocrx_word' id='word_1_349' title='bbox 719 4287 772 4330; x_wconf 74' lang='lat' dir='ltr'>Vas.</span> <span class='ocrx_word' id='word_1_350' title='bbox 782 4286 873 4343; x_wconf 67' lang='lat' dir='ltr'>degeo„</span> <span class='ocrx_word' id='word_1_351' title='bbox 881 4288 900 4341; x_wconf 89' lang='grc' dir='ltr'>Ι,</span> <span class='ocrx_word' id='word_1_352' title='bbox 907 4286 946 4340; x_wconf 66' lang='lat' dir='ltr'>aie</span> <span class='ocrx_word' id='word_1_353' title='bbox 954 4298 1000 4342; x_wconf 69' lang='lat' dir='ltr'>qq.</span> <span class='ocrx_word' id='word_1_354' title='bbox 1038 4335 1048 4342; x_wconf 54' lang='grc'>,</span> 
     </span>
    </p>
   </div>
   <div class='ocr_carea' id='block_1_11' title="bbox 0 0 1490 4802">
    <p class='ocr_par' dir='ltr' id='par_1_16' title="bbox 0 0 1490 4802">
     <span class='ocr_line' id='line_1_43' title="bbox 0 0 1490 4802; baseline 0 1"><span class='ocrx_word' id='word_1_355' title='bbox 0 0 1490 4802; x_wconf 95' lang='lat' dir='ltr'> </span> 
     </span>
    </p>
   </div>
  </div>
 </body>
</html>
