2970 4802
266 437 349 518 plurr
360 437 455 504 dicim.
469 438 571 520 Neque
584 457 657 500 uero
671 437 777 500 mentis
790 437 893 521 opibus
907 437 1003 499 minus
1025 455 1114 522 quant
1136 437 1224 500 animi
1238 438 1355 500 uirtuti·

266 524 319 589 bus
332 527 407 588 inter
419 527 528 608 primos
540 525 645 592 elucet.
656 525 775 588 Summa
788 525 951 589 constantia
964 525 1019 588 iter
1032 525 1216 610 propositum
1230 527 1353 610 peragit,

123 690 128 697 ι
265 627 295 676 et
317 612 455 676 edilium
477 613 565 676 finem
586 613 679 676 tendit
701 632 789 697 quem
814 614 867 676 sibi
889 613 952 696 ipse
973 614 1166 697 praescripsit.
1188 613 1257 676 Non
1277 615 1354 676 enim

265 701 439 786 Hypsipyles
458 719 552 777 amor,
573 721 633 764 non
656 701 789 764 Herculis
808 701 946 777 amicitia,
961 719 1023 764 non
1035 713 1159 785 angusta
1170 701 1354 786 Cycnearum
1375 775 1379 785 Ι

264 791 379 874 rupium
379 809 505 940 arporago
518 789 600 893 ducis
618 789 817 852 fortitudinem
828 788 1032 939 'infrngiruqm
1051 809 1111 852 uno
1129 803 1355 940 Lenoppffiequa

264 890 763 1048 dmcffitlemeilrdagilalleldingterlllg
773 890 1245 1048 ⁸qllnclllserltiamuerell'ibeetu?setrnpel
1257 899 1355 1028 codici:

264 1073 328 1115 rum
336 1053 512 1116 iracundiam
520 1063 697 1136 tempersre¹
710 1067 740 1116 et
749 1071 852 1116 eorum
862 1053 1002 1116 uirtutem
1011 1054 1149 1116 excitaret
1164 1067 1208 1116 est
1218 1067 1353 1136 paratus;

184 1217 191 1228 .
262 1155 418 1224 antequam
437 1142 472 1203 ab
487 1141 579 1204 Aeeta
596 1160 716 1204 aureum
734 1139 826 1204 uellus
843 1141 927 1223 petit,
947 1138 1104 1205 comitibus
1121 1140 1224 1204 suadet
1238 1154 1271 1204 ut
1284 1140 1356 1203 leni·

264 1227 317 1290 bus
335 1227 464 1291 consiliis
483 1242 602 1292 utantur
620 1232 650 1292 et'
672 1229 711 1290 ita
732 1229 891 1310 pretiosam
909 1227 989 1290 illam
1007 1247 1069 1292 rem
1086 1229 1265 1294 obtineant⁴.
1279 1229 1354 1291 Sunt

127 1335 132 1342 ·
263 1331 360 1379 tamen
373 1316 449 1399 apud
463 1336 531 1379 eum
548 1336 623 1400 quae
640 1315 758 1378 mollius
772 1317 922 1400 ingenium
935 1316 1086 1399 designent
1101 1330 1131 1380 et
1144 1317 1243 1400 potius
1258 1330 1354 1379 rectae

262 1402 1099 1554 itinnlttrntitltztttt‘lllaltt
1108 1403 1354 1556 ‘estitit

263 1578 381 1661 proeliis
392 1579 461 1658 ipsis
472 1598 541 1662 prae
553 1579 655 1641 laone
668 1577 772 1641 Pollux
785 1592 814 1640 et
823 1576 963 1642 Hercules
972 1578 1118 1656 eminent3
1133 1579 1181 1641 hic
1190 1581 1348 1661 Amycum,

263 1666 312 1728 ilie
327 1666 467 1728 Dolionas
483 1666 632 1748 opprimit.
653 1667 755 1741 Quid?
772 1667 854 1749 quod
872 1666 954 1730 heroi
972 1666 1013 1729 illi
1028 1665 1234 1750 aliquantisper
1246 1665 1351 1729 destun

264 1755 420 1817 auctoritas
440 1767 469 1816 et
488 1753 557 1816 felir
576 1753 625 1816 ille
641 1755 773 1817 omnium
792 1753 978 1818 uoluntatum
992 1773 1152 1818 consensus
1165 1757 1215 1838 qui
1228 1753 1355 1817 inuictos
1367 1787 1387 1804 υ

263 1843 353 1904 duces
370 1841 533 1906 confimat.
552 1843 645 1905 Cuius
661 1841 724 1904 laus
741 1843 874 1927 quamuis
892 1856 1021 1924 spectata
1044 1862 1104 1906 non
1122 1840 1355 1926 praeclarissimis

263 1929 347 1994 iactis
359 1929 549 2012 comprobate
568 1944 596 1994 et
616 1929 741 1993 stabilita
762 1943 817 1996 est.
840 1931 922 2004 Quid
940 1949 1103 1993 memorem
1122 1929 1290 1994 Telamonis
1307 1931 1355 1994 uel

263 2017 331 2081 ldae
343 2018 378 2079 ad
390 2018 522 2081 lasonem
540 2018 649 2082 ferocia
668 2016 756 2081 uerba
764 2029 786 2095 ς,
806 2032 837 2082 et
853 2018 1009 2082 Herculem
1028 2019 1154 2102 primum
1170 2017 1205 2081 ab
1219 2019 1356 2082 omnibus

263 2107 441 2190 Argonautis
459 2107 563 2171 ducem
581 2106 740 2183 delectum,
756 2106 858 2171 deinde
877 2122 982 2191 sponte
997 2127 1049 2171 sua
1062 2108 1185 2171 Aesonis
1200 2106 1262 2171 filio
1276 2128 1356 2171 sum·

159 2247 164 2256 .
264 2215 346 2258 mum
365 2197 518 2279 imperium
537 2197 741 2280 delegantem?
761 2196 823 2271 Qui
843 2197 961 2280 quidem
979 2195 1013 2259 fit
1026 2196 1232 2260 tantummodo
1246 2198 1355 2280 primus

265 2285 339 2347 inter
351 2305 433 2368 pares
447 2305 540 2371 neque
553 2306 639 2371 supra
653 2305 706 2350 eos
718 2284 902 2370 insuperabili
921 2286 1027 2349 uirtute
1045 2285 1197 2351 attollitur.
1217 2285 1355 2350 Ceterum

265 2375 577 2526 &iliifffl
590 2374 1136 2546 :t‘zutltlt⁵ttlil‚²⁵¹lt‘¹qtt
1152 2375 1355 2525 'litut

265 2549 406 2634 intellegit
424 2565 530 2636 quanta
548 2549 717 2614 difficultate
734 2551 771 2614 sit
788 2549 1028 2613 consiliumillud
1042 2550 1258 2633 perficiendum.
1274 2550 1356 2614 Adde

265 2639 345 2723 quod
359 2638 462 2702 clarius
475 2653 591 2724 apparet
604 2639 724 2704 beroem
738 2640 768 2702 in
781 2638 826 2702 his
839 2638 975 2702 omnibus
990 2636 1075 2702 rebus
1088 2640 1167 2702 Deos
1181 2651 1210 2701 et
1222 2638 1356 2702 Medeam

265 2727 358 2810 ipsam
370 2729 452 2812 sequi
465 2729 564 2792 duces.
580 2729 675 2811 Optes
689 2728 766 2790 enim
780 2739 813 2789 ut
827 2726 1018 2810 praeclariora
1026 2724 1154 2790 facinora
1163 2725 1311 2797 conficiat.
1325 2729 1355 2789 in

266 2813 370 2897 quibus
384 2815 463 2880 nullo
476 2817 572 2879 alieno
587 2815 695 2878 auxilio
709 2816 880 2892 adiuuctur;
895 2833 993 2878 nonne
1006 2834 1073 2898 cum
1089 2815 1227 2876 aduersus
1241 2814 1357 2896 igniuo-

266 2923 331 2965 mos
353 2916 451 2968 tauros
473 2904 639 2989 proeliatur,
663 2903 766 2968 Medea
789 2905 852 2987 ipsa
872 2902 989 2965 uidetur
1009 2901 1045 2964 ad
1068 2921 1136 2964 eum
1161 2921 1230 2964 uera
1251 2901 1356 2965 uictrix

267 2991 386 3055 adesse?
403 2993 478 3056 Sane
491 2993 563 3055 haee
582 2993 724 3054 humanae
743 3005 863 3054 naturae
882 2990 966 3073 plane
985 2990 1064 3052 dicas
1084 3004 1291 3066 consentanea,
1305 2991 1356 3053 sed

266 3079 406 3162 quaedam
425 3093 493 3142 sunt
511 3080 541 3143 in
560 3080 610 3142 tali
627 3080 754 3142 camnine
771 3097 847 3162 quae
863 3091 953 3161 poeta
973 3075 1076 3140 debeat
1093 3077 1129 3139 sb
1143 3076 1281 3140 heroibus
1294 3075 1358 3140 dili-

266 3180 369 3249 genter
380 3185 549 3245 remouere3
562 3181 592 3230 at
601 3165 659 3232 boc
668 3179 730 3228 crat
739 3164 888 3250 Apolloni
901 3165 1050 3246 ingenium
1060 3178 1093 3228 ut
1102 3164 1223 3228 libenter
1231 3165 1357 3227 heroum

266 3273 369 3318 seusus
394 3268 424 3318 et
446 3254 525 3318 iacta
550 3256 625 3318 intra
650 3273 822 3318 communes
848 3252 980 3316 mortalis
1006 3254 1102 3335 gentis
1127 3251 1201 3316 fines
1222 3253 1358 3316 retineret

238 3419 240 3424 ¹
268 3362 428 3427 eorumque
441 3356 572 3406 naturam
585 3343 623 3406 sd
637 3341 843 3426 plerorumque
855 3341 1010 3404 hominum
1023 3341 1181 3424 imaginem
1195 3339 1355 3424 effingeret.
1405 3415 1407 3420 ,

267 3431 337 3495 Inde
350 3429 384 3495 dt
396 3444 429 3495 nt
441 3431 536 3505 lason,
552 3429 651 3495 Phinei
664 3429 796 3494 mandata
809 3428 941 3506 audiens,
955 3442 1053 3493 mente
1066 3429 1215 3514 perculsus
1229 3427 1360 3515 aliquan·

267 3517 335 3584 diu‘
355 3532 471 3583 maneat
497 3538 551 3584 mc
575 3519 656 3584 sceui
681 3517 777 3583 Pellae
798 3517 1021 3583 condicionibus
1049 3517 1175 3601 primum
1202 3519 1357 3602 quicquam

268 3606 451 3692 respondent,
467 3627 502 3672 rc
518 3607 606 3692 paulo
623 3620 692 3692 post
711 3605 874 3672 mitioribus
893 3605 1016 3670 tortasse
1036 3605 1134 3670 uerbis
1154 3605 1266 3686 Aeeten
1286 3605 1359 3670 allo·

269 3704 402 3782 quaturt.
1115 3739 1118 3746 ·

298 3993 403 4080 rmore.
411 3989 500 4046 Argon..
510 3989 538 4043 ll,
549 3991 599 4036 crta
609 4002 656 4048 sqq.
837 3999 886 4084 ”pq
894 3988 964 4097 ξιξ
973 3978 1019 4043 ψἰ.
1026 4007 1052 4020 -·
1060 3985 1218 4052 tte-tuanen
1226 3994 1248 4028 et
1257 3985 1357 4038 umam,

288 4051 734 4187 ἱιῑῖξῗέιᾞῆι-πῗὲιῗῖἦιιτιι
747 4091 785 4181 li.
863 4117 1079 4174 ‘·¹···¹¹·⁴¹⁰·tt·
1117 4137 1120 4143 ·

272 4194 464 4314 ‘iffi-nm
474 4265 520 4316 m·
630 4207 643 4232 ‹·
707 4255 710 4262 ¹
758 4233 760 4236 .
864 4193 1324 4296 preminentes-(annnam.
1417 4223 1419 4227 .
