2970 4802
507 363 584 379 .....
590 319 715 378 Pandunt
730 335 759 376 se
773 335 875 377 carcere
887 317 947 376 laeti
1232 315 1263 368 k
1366 383 1369 394 ¹

295 389 412 447 'i'hcaces
426 393 486 464 equi
501 389 687 465 Zephyrusque
700 401 727 446 et
740 392 812 446 nocti
826 390 954 447 concolor
966 387 1020 446 alas

295 461 457 519 Nimborum
471 479 534 518 cum
548 460 623 536 prole
635 461 731 529 Notus,
746 463 848 518 crinem
866 477 901 517 ue
913 459 1036 534 procellis

295 532 421 605 Hispidus
434 545 461 589 et
474 533 557 589 muita
570 531 656 588 flauus
669 543 748 606 caput
760 532 846 588 Eurus
895 549 973 600 rena;

294 602 422 659 induxere
436 603 554 660 hiemem
568 618 700 677 muroque
713 602 746 657 ad
760 602 837 658 litora
851 613 934 659 tractu

294 673 423 730 Unanimi
437 673 502 730 ireta
516 691 597 736 curua
610 672 707 741 inunt,
723 689 772 729 nec
784 672 840 760 sola
853 673 972 729 tridentis

293 745 622 890 intimant.
630 744 1019 888 tim‘iiiitiii‘li.

122 1015 177 1081 Hic
190 1033 306 1078 caecam
319 1029 438 1080 naturae
450 1017 511 1080 uim
530 1017 571 1079 ita
592 1017 685 1100 pinxit
706 1016 789 1098 quasi
808 1015 920 1080 uiueret
940 1030 1027 1100 atque
1048 1017 1134 1079 uariis
1154 1017 1210 1080 im·

122 1103 234 1188 petibus
246 1117 287 1182 et,
301 1117 335 1166 ut
347 1105 386 1166 ita
400 1103 507 1180 dicam,
522 1103 653 1167 sensibus
667 1105 871 1167 concitaretur.
888 1105 989 1188 Neque
1003 1103 1093 1168 semel
1112 1105 1209 1168 turba·

121 1207 184 1256 tum
198 1211 278 1254 mare
291 1193 447 1275 expressit;
461 1213 526 1254 nam
540 1193 570 1256 in
583 1191 713 1256 secundo
726 1193 800 1255 libro
814 1193 889 1255 inest
904 1192 1043 1276 quaedam
1063 1191 1207 1275 procellae

121 1281 232 1364 species
245 1299 320 1364 quae
332 1279 414 1343 nullo
429 1279 519 1344 modo
533 1300 594 1345 non
607 1280 744 1344 cambac
758 1279 845 1343 altera
858 1280 1053 1364 comparanda
1067 1292 1121 1345 est.

327 1471 418 1526 Pliada
432 1471 491 1544 lege
505 1472 559 1546 poli
574 1473 699 1528 nimboso
714 1484 835 1528 mouerat
847 1485 918 1528 astro

326 1542 445 1615 iuppiter
456 1553 593 1598 aeternum
608 1541 721 1599 uoluens
734 1558 811 1615 opus,
826 1555 853 1600 et
865 1541 946 1628 simul
958 1541 1037 1598 undis

327 1612 430 1668 Cuncta
443 1623 523 1668 ruunt
536 1629 643 1686 unoque
655 1615 706 1670 Dei
719 1613 842 1686 Pangaea
854 1613 903 1700 sub
918 1624 971 1668 ictu

326 1681 494 1768 Gargaraque
508 1695 534 1739 et
548 1687 639 1772 maesti
653 1695 779 1772 steterunt
792 1683 935 1740 formidine
949 1682 1013 1741 luci.

325 1755 840 1901 attiliitziiffltii
852 1754 979 1900 iiiiii?
992 1754 1078 1812 Μ’

76 1995 80 2002 ¹
120 2023 176 2085 Sed
203 2022 251 2086 hic
277 2023 375 2106 potius
400 2024 437 2086 de
462 2026 601 2088 continua
624 2026 723 2088 hieme
747 2025 856 2108 agitur,
881 2045 955 2110 quae
979 2023 1152 2109 Hypsipyles
1180 2039 1209 2088 et
1268 2071 1273 2077 -

119 2111 226 2175 Iasonis
240 2112 388 2175 amoribus
400 2113 480 2176 lauet
492 2133 580 2200 quam
594 2115 630 2177 de
643 2113 771 2198 procella
777 2115 875 2178 subito
886 2127 1066 2199 erumpente.
1082 2116 1124 2177 Ita
1137 2132 1207 2190 cum

108 2214 207 2285 ‘poeta
226 2203 376 2265 materiam
396 2203 453 2266 iam
474 2216 625 2266 tractatam
645 2204 682 2266 de
703 2204 819 2286 integro
841 2203 942 2281 sumit,
964 2201 1036 2266 nihii
1062 2201 1208 2288 antiquius

119 2288 204 2352 habet
219 2309 306 2374 quam
320 2310 366 2353 res
379 2292 490 2353 uariare
503 2305 533 2368 st
546 2290 601 2353 alia
614 2305 712 2354 mente
725 2290 889 2373 disponere.

157 2376 286 2442 Eandem
301 2378 374 2442 hanc
387 2392 480 2442 artem
494 2379 524 2442 in
544 2379 607 2442 aliis
627 2379 701 2444 iocis
720 2379 845 2462 reperias
865 2379 915 2443 ubi
935 2399 981 2442 res
1002 2378 1123 2444 clariore
1143 2376 1208 2441 luce

118 2465 303 2529 illustrantur.
319 2467 441 2550 Semper
453 2469 493 2529 ita
514 2467 607 2551 pingit
626 2480 659 2530 ut
680 2483 793 2530 mentes
813 2469 911 2551 potius
931 2480 1051 2531 moueat
1071 2480 1101 2530 et
1120 2466 1209 2528 animi

118 2553 162 2616 sui
176 2569 276 2618 motus
289 2556 431 2637 exprimat
444 2574 534 2638 quam
546 2574 647 2618 ueram
664 2554 790 2620 formam
810 2573 955 2638 uerusque
975 2554 1090 2618 colores
1110 2553 1207 2618 oculis

118 2639 249 2706 subiciat.
265 2643 356 2705 Cuius
372 2643 625 2722 «romanticos,
642 2658 674 2707 ut
686 2645 727 2707 ita
744 2643 839 2707 dicam
859 2643 1027 2708 criticorum
1040 2655 1208 2707 nostrorum

118 2729 208 2794 uerbo
232 2751 302 2794 usus
325 2730 412 2795 etad
434 2729 667 2816 franco-gallicas
689 2731 799 2796 litteras
826 2733 1014 2796 similitudine
1040 2731 1208 2816 respiciens.

117 2819 202 2883 nobis
217 2818 351 2884 uidentur
363 2840 429 2885 esse
441 2820 663 2907 descriptiones.
676 2821 722 2886 ild
736 2822 867 2907 exempla
881 2841 956 2908 quae
975 2841 1067 2906 nuper
1085 2817 1209 2906 protuli·

118 2928 195 2988 mus,
208 2909 300 2974 multa
313 2909 368 2975 alia
387 2931 440 2996 per
458 2925 557 2977 totum
577 2932 652 2997 opus
672 2911 802 2998 dispersa
820 2912 925 2977 addere
945 2910 1024 2978 licet.
1039 2911 1092 2976 liis
1111 2907 1206 2975 uerbis

117 2998 239 3064 Vulcani
251 2999 368 3064 officina
380 3000 577 3086 significatur:
1244 3023 1251 3033 '

297 3191 414 3249 Ventum
428 3203 483 3250 erat
496 3192 529 3249 ad
541 3208 645 3280 rupem,
660 3191 736 3250 cuius
748 3191 888 3278 pendentia
901 3191 985 3267 nigris

298 3261 413 3320 Fumant
426 3281 487 3321 saxa
501 3267 571 3373 lupun
583 3266 757 3339 coquiturque
770 3263 914 3338 uaponbus
926 3270 997 3322 aeri.

61 3513 63 3518 ,
116 3467 193 3554 Cum
206 3488 278 3532 uero
292 3490 346 3552 pro
360 3441 495 3533 Hesione
503 3468 541 3532 ad
551 3471 678 3533 marinae
692 3467 794 3533 beluac
809 3468 928 3532 caedem
950 3466 1110 3552 accingitur
1131 3469 1205 3532 lier-

116 3556 263 3635 cuies,.sic
275 3556 334 3622 loci
348 3558 491 3622 maestitia
503 3557 650 3642 pingitur:

165 3763 169 3771 ·
296 3743 413 3802 Auxerat
425 3741 491 3801 haec
506 3742 581 3802 iocus
593 3754 621 3802 et
633 3741 713 3802 iacies
725 3743 900 3802 maestissima
913 3743 982 3818 eapti
1015 3796 1018 3802 ,

296 3816 404 3883 Litoris,
418 3827 446 3872 et
458 3814 554 3871 tumuli
567 3813 722 3890 adunque
735 3815 808 3889 quod
821 3813 928 3872 incubat
940 3813 1023 3873 urbis.

143 4071 454 4129 r.Vas.Ar1ss.,i‚draaqq.
640 4118 643 4127 ,
711 4071 824 4128 pionii,
834 4083 880 4127 na.

141 4139 429 4198 2.1·.,11‚„7...‚s5qq.
535 4197 537 4202 ,
711 4140 879 4196 cittii-ses·
