2970 4802
301 450 471 536 praecipites
482 449 632 534 impellere
653 449 780 526 uidetur,
802 469 870 514 cum
889 449 919 513 in
937 447 1015 514 Solis
1033 462 1151 532 gentem
1172 446 1243 512 odio
1262 447 1393 513 inuecta¹

300 539 469 644 bledesne
486 537 622 603 cubiculo
641 552 670 601 et
691 553 810 623 paterna
830 538 923 604 domo
943 538 1038 622 eripit,
1059 538 1158 602 Circes
1178 536 1310 601 babitum
1330 556 1395 600 ues-

300 639 419 716 temque
432 626 542 692 mun
580 748 657 768 .....
663 708 733 766 Ecce
744 720 805 765 toro
818 707 908 765 Venus
923 708 1069 800 improuisa
1078 704 1184 776 resedit,

506 789 581 846 Sicut
595 800 650 847 erat
664 799 764 844 mutata
779 789 876 855 Deam,
892 787 1055 874 mentitaque
1070 789 1146 860 pictis

506 859 631 918 Vestibus
646 873 672 916 et
689 863 795 934 magica
810 860 909 916 Circen
922 859 1049 916 Titanida
1062 861 1169 938 uirga¹.

185 1017 189 1024 ,
298 983 653 1060 vicinitatemque,
667 983 799 1047 dulcibus
817 983 926 1068 pariter
941 1003 976 1047 ac
993 981 1141 1046 ferocibus
1159 980 1255 1044 uerbis
1276 977 1394 1045 timidae

300 1074 419 1160 uirginis
432 1073 574 1159 pudorem
588 1073 688 1138 uincit
706 1072 798 1150 Quod
813 1073 883 1136 mira
897 1087 957 1137 arte
972 1072 1114 1157 expressit
1126 1084 1233 1157 poeta:

479 1199 602 1328 Occppat
615 1197 738 1273 amplexu
751 1198 842 1255 Venus
855 1209 881 1255 et
895 1197 999 1255 furialia
1013 1195 1072 1272 figit

593 1272 805 1344 permixtumque
819 1269 889 1326 odiis
903 1269 1013 1344 inspirat
1025 1275 1174 1326 amoremi.

298 1394 356 1458 Sed
368 1413 436 1458 ecce
449 1413 536 1477 supra
550 1408 650 1472 terras,
664 1393 694 1456 in
708 1392 845 1458 altissima
859 1394 930 1458 caeli
946 1409 1038 1478 parte,
1053 1396 1185 1457 Deorum
1198 1406 1228 1456 et
1240 1392 1393 1458 bominum

299 1496 381 1566 pater
409 1503 511 1546 omnes
538 1502 583 1545 res
611 1501 705 1566 aequo
731 1485 829 1586 animo
852 1485 992 1566 prospicit
1015 1496 1045 1546 et
1066 1483 1255 1560 moderatur3
1284 1483 1395 1544 insonis

214 1601 223 1620 ·
251 1601 252 1606 ι
299 1572 448 1634 audaciam
461 1570 565 1656 probat
578 1585 608 1633 et
621 1569 754 1632 nobili
726 1590 857 1634 utrorum
871 1570 1043 1634 fortitudine
1056 1569 1226 1636 delectatur.

454 1695 561 1752 Siderea
570 1708 631 1752 tunc
646 1711 706 1751 arce
719 1709 793 1769 pater
807 1695 984 1771 pulcherrime
999 1696 1110 1754 Graium

453 1767 556 1840 Coepta
571 1778 674 1834 tenens,
685 1778 838 1842 auumque
850 1771 938 1841 operis
951 1784 1111 1856 consurgere
1126 1766 1228 1823 molem

454 1839 595 1895 Laetatur:
612 1839 689 1910 patrii
704 1841 876 1913 nequeenim
891 1839 986 1913 probat
999 1841 1055 1895 otia
1069 1841 1174 1912 regni⁴

299 1963 377 2022 Deus
389 1973 487 2022 autern
501 1961 549 2022 iiie
563 1979 708 2022 summam
720 1959 827 2023 mentis
841 1961 901 2022 uim
916 1959 1063 2044 animique
1078 1961 1310 2043 magnitudinem
1324 1979 1392 2042 prae

298 2068 330 2110 sc
344 2049 447 2123 terens,
462 2051 639 2130 aequitatem
651 2047 776 2110 inomni
795 2067 825 2109 re
844 2062 953 2122 seruat,
968 2049 1031 2111 siue
1048 2049 1152 2111 iunoni
1170 2065 1241 2110 sune
1259 2047 1394 2110 Herculis

273 2207 278 2215 ⁸
298 2135 400 2198 odium
412 2135 525 2198 crimini
544 2135 631 2198 uertit
647 2148 677 2198 et
696 2135 886 2198 uehementer
903 2135 1077 2219 improbans,
1093 2137 1156 2200 siue
1173 2135 1273 2198 Martis
1292 2148 1321 2197 ct
1338 2135 1394 2196 Mi·

297 2242 405 2286 ueruae
426 2225 501 2286 inter
522 2242 554 2284 se
576 2223 785 2306 disputantium
807 2237 838 2285 et
864 2222 949 2308 plane
972 2224 1101 2287 diuersas
1122 2243 1224 2287 causas
1246 2223 1394 2286 orantium

264 2327 266 2331 ·
300 2311 440 2395 querellas
457 2312 617 2395 compescit
636 2330 670 2374 ac
688 2312 807 2374 nimiam
825 2314 978 2397 utriusque
996 2311 1179 2376 ferocitatem
1197 2311 1345 2396 obiurgat,
1362 2329 1394 2375 sc

300 2401 395 2484 ipsum
417 2399 593 2463 ineluctabili
616 2399 744 2463 istorum
770 2401 799 2464 ui
821 2401 995 2465 obstrictum
1016 2417 1133 2484 putans,
1157 2420 1284 2486 quorum
1307 2401 1394 2464 fucrit

299 2504 412 2566 auctor,
427 2491 509 2552 etita
522 2489 632 2572 grande
645 2489 800 2573 patientiae
813 2488 1023 2554 documentum
1038 2489 1183 2567 tradensi,

605 2655 681 2675 ,,,,,
686 2612 786 2668 habent
797 2617 926 2686 quonlam
939 2630 986 2672 sua
1000 2612 1052 2670 iata
1064 2613 1184 2682 iurores;
1264 2685 1267 2692 Ι

297 2729 362 2792 siue
380 2729 495 2811 placido
515 2730 612 2808 uultu,
633 2746 746 2796 maesto
765 2746 865 2795 autem
886 2730 997 2806 animo,
1019 2728 1112 2792 filium
1131 2728 1297 2792 Colaxem'
1288 2749 1319 2792 ιιι
1332 2730 1394 2792 acie

298 2817 429 2879 occisum
442 2819 617 2900 conspiciti,
632 2839 729 2882 rerum
742 2819 837 2882 ordini
850 2837 884 2880 se
898 2777 1052 2880 subiciens.

472 2981 549 2999 .....
549 2943 663 3027 iamque
673 2955 750 3068 pater
764 2954 867 2998 maesto
881 2943 1020 2996 contristat
1032 2939 1118 2996 sidera
1132 2938 1217 3006 uultu,

466 3012 680 3149 dupeqssofipiqn
691 3012 768 3136 qbeat
780 3029 828 3068 sua
841 3027 975 3086 quemque
989 3012 1055 3078 dies,
1069 3009 1172 3066 cunctis
1184 3007 1290 3080 negabo

299 3203 378 3264 llaec
398 3202 515 3285 quidem
538 3203 637 3266 omnia
660 3205 790 3266 Deorum
812 3204 954 3268 maiestati
979 3203 1160 3268 conueniunt
1181 3215 1212 3265 et
1233 3216 1267 3266 ut
1289 3201 1393 3264 elatam

297 3303 403 3371 poetae
415 3304 544 3354 mentem
556 3305 710 3371 testantur,
725 3293 766 3354 ita
779 3311 875 3354 rerum
890 3291 1062 3375 dignitatem
1076 3303 1195 3374 augent.

337 3378 392 3440 Dei
404 3379 494 3460 igitur
506 3379 549 3442 illi
562 3382 699 3465 Deaeque
713 3381 758 3442 sui
773 3381 883 3444 conscii
895 3378 969 3443 fiunt
984 3394 1014 3443 et
1027 3380 1171 3463 quosdam
1185 3399 1288 3442 sensus
1301 3398 1336 3442 ac
1349 3399 1394 3441 ra-

216 3531 218 3536 ,
297 3465 395 3528 tiones
407 3465 514 3529 babent
528 3466 632 3551 quibus
645 3468 680 3531 ad
699 3468 846 3553 agendum
861 3467 1048 3550 impellantur
1065 3466 1112 3532 uel
1130 3468 1320 3532 deducantur.
1335 3466 1395 3528 Pri-

262 3624 264 3631 ,
298 3572 379 3616 mum
392 3555 467 3617 inter
482 3555 553 3617 duas
572 3554 713 3619 factiones
732 3570 801 3619 aunt
820 3556 979 3632 diuidendi,
994 3571 1095 3644 prout
1100 3555 1278 3638 Argonautis
1294 3556 1395 3618 iauent

298 3640 347 3703 uel
360 3641 567 3705 adunantu-
558 3661 636 3726 ,pro
651 3644 756 3727 quibua
770 3645 844 3707 luno
857 3656 887 3706 et
899 3643 992 3706 Pallas
1005 3660 1035 3707 et
1048 3646 1160 3721 Venus,
1174 3657 1277 3707 conma
1295 3658 1394 3706 autem

213 3811 216 3816 Ι
297 3729 374 3792 biars
394 3745 425 3794 et
445 3729 498 3794 Sol
518 3745 548 3795 et
567 3731 676 3796 Boreas
695 3731 825 3798 consiliis
846 3714 989 3818 lactisque
1009 3734 1071 3796 suis
1090 3733 1233 3798 nituntur.
1255 3731 1395 3796 Ceterum
1431 3733 1436 3744 ’

20 3921 23 3999 ἲ
326 3942 551 4000 ormun-
560 3942 703 4000 rrmue
1086 3912 1088 3917 ’
1193 3925 1211 3959 “

124 3997 130 4006 ’
212 4011 217 4022 ”
281 4037 295 4056 -,
545 4004 1083 4064 Seaaitdiaedolaasanprldenepeatareqartenr
1190 4049 1192 4052 .

544 4057 1122 4118 ῦιιάιιιιιιιιιιιςιιιιιιιιωιιιιιιιιιιιιιιι.

324 4105 508 4186 sanarem.
571 4171 573 4176 .
709 4142 717 4168 x
900 4129 971 4184 ς..ιι,
982 4129 1020 4182 ιι,
1031 4141 1086 4184 ως.

326 4187 569 4254 piaqillarqau.
623 4251 633 4270 ‚‚
859 4200 970 4256 ι·.1ι,,
979 4199 1148 4254 v,.-6¹t·691
1120 4189 1320 4254 -1npnnte'spa
1373 4259 1376 4266 Ι

325 4267 528 4327 sini-astru·
616 4275 621 4286 ¹
695 4299 699 4308 ·
897 4267 1369 4340 ι.ιι..ιι,ιιιιςι,ιιιιμιιιιιιιηφ
