2996 4792
808 687 850 772 ll

572 1006 622 1075 De
643 1013 815 1074 terramus
837 1005 1082 1090 descriptione.

322 1303 463 1368 Omnium
482 1303 679 1368 doctrinarum
700 1301 916 1378 studiosissimi,
936 1302 1037 1366 aetatis
1054 1299 1265 1366 Alexandrinae
1283 1300 1374 1384 scrip-

280 1404 362 1456 tores
374 1390 465 1454 multa
478 1411 514 1452 ex
527 1391 573 1452 his
586 1392 616 1452 in
629 1409 718 1474 opera
737 1409 789 1453 sua
809 1387 932 1452 libenter
951 1388 1173 1466 transferebant,
1195 1407 1257 1452 uon
1276 1388 1372 1452 solum

280 1492 317 1542 ut
328 1500 366 1543 eo
379 1499 475 1542 rerum
487 1480 615 1542 rationes
634 1476 822 1560 intellegendi
842 1477 994 1560 uoluptate
1016 1477 1191 1552 fruerentur,
1211 1475 1265 1540 sed
1284 1477 1372 1539 etiam

281 1578 317 1629 ut
328 1581 429 1639 artem,
439 1585 527 1648 quam
540 1585 557 1625 a
570 1563 718 1628 ueteribus
733 1565 923 1645 accepissent,
934 1583 1012 1626 nous
1026 1565 1151 1646 quadam
1165 1563 1260 1626 iorma
1272 1564 1373 1624 indue-

280 1665 353 1714 rent
375 1653 450 1712 liuic
471 1652 628 1732 scriptores
649 1650 801 1712 communi
822 1649 988 1730 aequalium
1013 1669 1135 1713 suorum
1163 1648 1261 1712 studio
1289 1661 1373 1711 etse

150 1807 154 1814 ⁸
280 1739 362 1822 ipsos
374 1736 546 1822 insigniendi
559 1737 709 1821 cupiditati
723 1735 977 1820 obsequebantur;
992 1755 1061 1800 nam
1074 1735 1215 1800 decorum
1230 1735 1271 1800 eis
1291 1735 1373 1798 uide·

281 1827 374 1903 batur,
399 1841 468 1910 post
489 1824 608 1909 longam
631 1823 710 1888 illam
733 1823 917 1888 saeculorum
937 1825 1042 1888 seriem
1066 1824 1170 1912 quibus
1197 1822 1373 1888 illustratum

281 1928 358 1978 esset
379 1916 525 2019 §raecum
546 1914 712 2016 ingenium,
736 1933 783 2016 res
803 1913 860 1974 iam
882 1911 1015 1996 uulgatus
1039 1928 1069 1976 et
1083 1913 1171 2064 1Ἱιιιιί
1191 1913 1273 1976 tritas
1285 1933 1373 2016 'noua
1425 1921 1456 1940 '⁶

282 2013 352 2064 nota
363 2021 488 2086 signare.
502 2001 548 2064 hd
560 2000 726 2082 aequalium
743 2013 833 2083 rgrtur
851 1999 998 2083 exemplar
1016 2001 1083 2084 hpo
1105 2019 1192 2064 onius
1211 2000 1323 2063 erudite
1342 2014 1373 2064 et

182 2153 184 2158 .
282 2088 435 2170 diligenter
447 2088 581 2152 locorum
595 2089 803 2172 descriptiones
817 2101 847 2150 et
859 2090 990 2152 Deorum
1003 2088 1051 2151 uel
1069 2089 1193 2152 heroum
1214 2087 1324 2152 fabulas
1342 2089 1372 2151 in

284 2195 399 2240 carmen
412 2176 544 2240 intexuit.
560 2178 646 2251 Quot
657 2174 747 2238 libros
766 2189 933 2238 excusserat
950 2188 980 2239 et
1001 2174 1038 2238 ad
1060 2174 1230 2240 umbilicum
1251 2175 1373 2240 euolue

284 2267 345 2326 rati
360 2264 441 2346 Epici
454 2264 532 2326 enim
545 2263 686 2347 cuiusque
698 2277 804 2346 poetae
822 2263 950 2326 carmina
967 2263 1022 2327 sibi
1042 2263 1074 2326 in
1091 2281 1194 2326 sucum
1207 2276 1238 2326 et
1256 2265 1372 2348 sangui·

284 2371 351 2414 netu
364 2365 502 2426 uerterat,
516 2364 546 2414 et
559 2349 714 2413 Eumelum
727 2363 757 2413 et
770 2351 911 2413 Cleonem
921 2351 1105 2427 curiensem,
1114 2351 1144 2412 in
1159 2351 1259 2434 primis
1273 2351 1371 2412 Pisau-

283 2440 366 2500 drum
381 2453 411 2501 et
422 2438 629 2501 Antimachum
643 2451 672 2500 et
686 2438 797 2501 multos
814 2438 889 2501 alios
907 2457 1034 2523 quorum
1054 2438 1102 2500 uix
1121 2437 1241 2500 nomina
1262 2438 1371 2519 posteri

283 2527 475 2602 retinuerunt,
496 2525 661 2610 frequenter
683 2524 862 2608 perlegeram
881 2543 977 2609 neque
997 2545 1068 2588 uero
1088 2525 1217 2610 tragicos
1237 2523 1373 2608 neglexe-

284 2628 343 2691 rat,
357 2615 449 2676 immo
462 2634 493 2676 se
507 2612 669 2676 contulerat
683 2613 720 2676 ad
734 2613 869 2676 historias
882 2631 957 2697 quae
970 2613 1094 2677 heroum
1108 2613 1184 2676 iacta
1198 2613 1246 2678 uel
1256 2611 1371 2675 urbium

282 2703 363 2765 initia
375 2702 492 2786 longius
503 2701 709 2779 recensebant3
724 2716 754 2765 et
767 2700 886 2764 adsidue
900 2700 1046 2777 Cinacthi,
1060 2699 1222 2784 Creophssi,
1242 2700 1371 2764 Pisandri

182 2835 185 2841 .
282 2788 318 2851 de
332 2791 455 2851 Hercule
467 2801 615 2871 poemata,
628 2787 807 2871 Asclepiadis
820 2789 857 2850 de
871 2789 1016 2870 Bithynia,
1037 2787 1171 2852 Deilochi
1190 2789 1227 2850 de
1246 2788 1369 2871 Cyzico,

282 2876 428 2958 Timageti
442 2889 472 2937 et
482 2875 667 2938 Callisthenis
681 2874 718 2936 de
731 2875 847 2936 Euxino
862 2894 951 2957 opera
964 2876 995 2936 in
1008 2895 1110 2955 manus
1123 2889 1285 2959 sumpserat
1295 2885 1317 2936 ¹.
1332 2876 1372 2937 ht

282 2981 350 3024 cum
362 2963 411 3024 illa
422 2974 483 3024 tam
495 2962 574 3023 uaria
586 2974 616 3024 et
628 2961 742 3023 diuersa
755 2961 785 3022 in
798 2980 890 3024 unum
904 2980 1011 3044 corpus
1024 2961 1167 3046 redigeret
1180 2976 1210 3024 et
1223 2963 1286 3024 siue
1299 2981 1372 3043 gene
1410 3025 1412 3030 ,

281 3049 383 3130 graphi
394 3050 457 3111 siue
471 3047 591 3131 mythici
605 3049 753 3130 scriptoris
768 3061 863 3130 partes
875 3047 1015 3129 expleret,
1031 3069 1093 3112 non
1106 3063 1204 3112 tamen
1218 3048 1255 3110 ad
1267 3067 1371 3109 uemm

283 3153 420 3216 personas
432 3147 462 3197 et
474 3154 576 3198 sensus
588 3148 618 3197 et
631 3153 677 3196 res
691 3133 858 3217 depingere,
873 3153 908 3198 ac
928 3154 1030 3198 uersus
1042 3134 1120 3198 dulci
1136 3134 1238 3218 lepore
1254 3133 1371 3196 inficere

193 3227 201 3244 ⁶
281 3220 439 3284 desinebat.
452 3219 585 3285 Valerius
598 3235 706 3297 sutem,
722 3221 770 3283 cui
788 3221 860 3284 nihil
880 3222 1028 3306 antiquius
1047 3235 1091 3286 est
1110 3242 1200 3305 quam
1221 3222 1389 3284 materiatu-

282 3326 386 3372 omare
404 3321 435 3372 et
452 3319 520 3392 apte
539 3308 615 3372 inter
634 3327 665 3372 se
686 3328 791 3373 omnes
810 3311 954 3392 poematis
974 3323 1070 3393 partes
1092 3307 1258 3385 conciliare,
1280 3307 1371 3371 multa

282 3397 392 3460 omittit
412 3416 486 3480 quae
504 3395 586 3479 patui
604 3398 737 3460 aestimat
756 3409 789 3461 ut
807 3417 839 3460 tn
860 3398 951 3462 totius
968 3399 1067 3480 operis
1090 3398 1246 3462 consilium
1266 3417 1370 3480 parum

282 3484 451 3568 quadrantia
462 3499 492 3547 et
503 3483 540 3546 ad
552 3483 732 3548 efficiendam
745 3483 826 3546 lllarn
844 3487 971 3568 speciem
993 3505 1082 3569 quam
1101 3486 1131 3549 in
1151 3486 1251 3550 animo
1270 3503 1372 3548 secum
1398 3533 1402 3544 .

282 3569 382 3648 habet,
395 3571 480 3654 plane
492 3571 615 3633 inutilia.

319 3659 447 3722 Plurima
458 3659 489 3721 in
502 3657 637 3722 locorum
649 3659 855 3743 descriptione,
869 3679 929 3744 qut
940 3659 1116 3744 Apollonius
1133 3659 1259 3726 multum
1276 3659 1372 3725 deleo·

280 3761 359 3810 tatus
371 3760 447 3821 erat,
465 3745 583 3820 recidits
602 3746 739 3830 quioquid
759 3749 838 3811 enim
857 3747 894 3810 ad
913 3748 1122 3832 geographiam
1141 3749 1301 3832 pertinebat
1321 3768 1371 3830 ps·
1442 3769 1444 3776 ·

282 3853 348 3896 rum
368 3834 504 3909 curabat,
525 3851 622 3917 neque
643 3833 701 3898 ulla
720 3833 777 3897 alia
799 3853 886 3897 causa
907 3833 1012 3897 adferri
1038 3846 1138 3917 potest
1164 3853 1218 3899 cur
1243 3835 1315 3898 nibil
1339 3836 1370 3898 in

282 3923 517 4008 Argonautarum
536 3920 653 3997 itincre,
675 3921 760 4007 quale
780 3922 971 4007 descripserat
991 3922 1136 3999 Graecus,
1158 3923 1368 4029 immutpuerit.

186 4144 189 4150 ·
309 4110 673 4191 ..mumma
779 4130 1369 4192 runem.truuuum‚trs,tu.tu.ap.
1434 4183 1438 4190 ¹

282 4187 396 4249 ειμι
404 4191 519 4274 qsepm.
528 4207 556 4223 -
564 4187 651 4244 cosor,
660 4146 911 4244 lumleianum-r,
920 4185 936 4231 l.
946 4185 988 4244 ut,
997 4185 1031 4232 eh.
1045 4197 1064 4234 ι.
