2970 4802
535 347 775 398 -101-

106 479 211 542 liedes
230 477 413 556 obuersatur,
435 479 472 544 ad
491 481 616 544 Hecates
636 477 790 542 delubrum
811 477 915 542 tendit.
931 477 1044 542 Deinde
1064 477 1113 541 ubi
1128 479 1202 542 luno

106 565 142 630 ad
155 566 331 648 seruandum
344 566 465 631 heroem
479 568 600 631 Medeae
613 566 774 628 ministerio
797 567 838 629 uti
859 567 1023 642 constitnit,
1045 563 1203 629 terribilem

105 653 183 718 illam
198 653 260 717 uim
271 652 403 736 designat
417 657 599 740 llecatesqne
613 667 711 717 uatem
732 653 769 718 ad
788 671 893 718 nerum
912 653 1050 736 exprimit
1056 675 1066 734 ς
1089 655 1119 718 ln
1139 671 1201 739 qno

104 756 223 828 apparet
235 741 385 806 Valetium
399 741 507 807 Lucani
518 742 724 806 Thessalidum
738 741 915 808 meminisse.

416 883 552 956 [lunonis]
566 885 644 942 hiens
656 887 747 940 omnis
760 883 790 939 in
802 899 855 938 nna

312 953 433 1025 Virgine,
448 958 586 1010 nocturnis
600 969 652 1026 qua
666 953 740 1009 nulla
754 957 888 1026 potentior
902 954 963 1010 aris.

310 1022 386 1081 llllus
399 1023 432 1080 ad
448 1021 570 1082 fremitus
583 1040 740 1098 spanosque
752 1040 800 1097 per
812 1027 874 1080 ania
886 1037 967 1080 sucos

311 1095 402 1153 Sidera
417 1093 468 1151 fixa
482 1107 579 1168 pauent
591 1106 619 1151 et
630 1097 674 1150 aul
688 1105 775 1166 stupet
789 1093 969 1180 orbimsolls,

311 1165 827 1305 litwiittttiitti:
834 1163 998 1310 mn

311 1307 415 1382 Datque
463 1323 492 1364 aa
504 1310 562 1364 alne
577 1306 637 1382 lege
649 1306 739 1364 colns¹
744 1346 797 1368 .....
914 1385 918 1388 -
1035 1343 1038 1350 -

103 1439 167 1520 lpsa
188 1456 260 1502 uero
285 1437 391 1522 puella,
413 1459 480 1502 cum
505 1441 627 1503 Veneris
651 1438 783 1521 uestigiis
808 1437 984 1523 ingrediens,
1005 1437 1043 1502 ad
1064 1439 1197 1502 iasonem
1277 1471 1285 1490 ·

101 1526 149 1589 illa
163 1525 355 1590 medicamina
368 1526 423 1591 lert
437 1527 541 1612 quibus
560 1527 609 1591 ille
631 1527 715 1591 facile
735 1527 830 1610 possit
851 1541 953 1590 contra
972 1526 1073 1611 ignem
1091 1527 1198 1590 muniri
1226 1557 1229 1564 ¹

101 1628 260 1699 taurosque
274 1617 401 1691 uincere,
416 1617 548 1700 magicos
561 1630 664 1679 cantus
678 1617 708 1678 in
720 1617 768 1680 nia
789 1615 959 1698 pronuntiat
979 1627 1010 1678 et
1028 1632 1126 1679 rerum
1147 1636 1198 1678 ns·

102 1719 198 1767 turam
210 1704 376 1767 uniuersam
390 1703 549 1789 perturbat,

191 1899 194 1906 ,
239 1845 273 1899 Et
286 1847 339 1900 iarn
352 1847 406 1899 lam
420 1847 527 1918 magico
541 1861 588 1918 per
602 1861 685 1918 opaca
698 1844 805 1900 silentia
818 1841 927 1899 Colchis

240 1913 372 1986 Coeperat
385 1915 423 1970 ire
437 1931 516 1983 sono,
531 1927 709 1988 montanaque
723 1915 839 1970 condere
854 1913 944 1970 uultus

239 1985 367 2052 Numina,
383 2001 498 2057 cumque
511 1985 566 2041 suis
577 1988 661 2040 auerti
675 1983 790 2040 collibus
803 2001 904 2053 amum,

238 2055 296 2112 lam
310 2055 418 2111 stabulis
430 2055 607 2129 gregibusque
621 2071 706 2128 pauor
718 2067 740 2110 st
788 2058 893 2129 itusque
906 2053 1052 2128 sepulchris

240 2125 385 2194 lnclderat;
398 2138 485 2199 stupet
498 2128 555 2199 lpsa
567 2127 643 2199 graui
655 2143 710 2182 nox
722 2139 763 2181 tar
782 2129 823 2182 ior
838 2127 959 2182 umbra⁸.

99 2256 243 2340 Denique,
269 2269 302 2319 ut
330 2257 425 2319 lasoni
453 2271 561 2342 quanta
581 2257 720 2340 pericula,
742 2256 855 2320 etiamsi
876 2257 906 2320 ln
929 2270 1079 2321 taurorum
1104 2268 1194 2318 certa·
1263 2275 1266 2284 ¹

102 2344 179 2406 mine
194 2344 303 2420 uincet,
317 2345 375 2408 sint
388 2344 532 2421 adeunda,
545 2359 575 2408 et
593 2365 677 2408 suam
699 2345 788 2428 ipsius
802 2357 979 2429 potestatem
1000 2344 1136 2420 declaret,
1157 2361 1191 2406 ea

99 2433 199 2496 intima
212 2431 285 2496 silua
299 2433 473 2497 carminibus
486 2435 645 2497 excitatum
658 2433 828 2510 draconem,
843 2453 948 2497 aureae
962 2433 1082 2517 pecudis
1094 2446 1194 2496 custo·

99 2519 177 2593 dem,
192 2521 247 2582 uiri
261 2521 354 2582 oculis
368 2521 483 2594 subicit,
498 2522 548 2606 qui
562 2521 685 2584 monstri
699 2520 799 2584 sibilos
813 2522 934 2584 miratur
953 2535 1042 2606 atque
1060 2520 1162 2584 horret
1169 2529 1191 2595 ξ.

99 2607 159 2669 lam
173 2608 400 2688 significauimus
414 2622 521 2693 quanta
533 2627 602 2671 cura
614 2623 702 2691 poeta
717 2609 901 2691 magicorum
914 2609 1079 2691 graminum
1092 2626 1193 2690 capsas

14 2759 16 2766 ,
98 2707 126 2756 et
141 2693 298 2757 draconem
312 2697 443 2779 sopitum
455 2695 659 2779 domitumque
672 2710 817 2773 narraret,
839 2696 888 2760 hic
908 2695 1078 2778 praesertim
1098 2714 1194 2779 oeque

97 2801 184 2864 sagae
203 2796 307 2856 artem,
327 2802 383 2845 nec
402 2784 501 2845 uarios
523 2781 658 2846 draconis
679 2798 779 2846 motus
802 2782 881 2845 illam
905 2781 1070 2865 potentiam
1089 2779 1193 2844 irustra

98 2867 293 2942 detrectantis,
309 2890 403 2954 neque
417 2869 563 2934 Aeetiadis
575 2870 751 2933 desiderium
771 2870 910 2954 neglexit,
932 2889 1001 2934 cum
1022 2867 1192 2932 familiarem
1255 2885 1261 2892 ·

96 2975 221 3040 anguem
238 2960 396 3020 inanimum
410 2959 552 3020 iacentem
568 2957 711 3039 conspicit
723 2958 889 3022 sacerdost.

136 3046 261 3108 nultum
276 3044 549 3131 tgtnrvatertustn
564 3044 1191 3128 describendaMedeaepersonaanirtsutis
1293 3035 1297 3041 ’
1365 3007 1369 3095 ἑ

96 3145 125 3195 et
148 3135 354 3197 communibus
375 3133 525 3196 sententiis
546 3133 727 3211 discedebat;
749 3133 791 3198 sic
813 3137 938 3198 Hecates
958 3133 1140 3198 sacerdotem
1160 3133 1191 3196 in

97 3223 176 3286 bono
190 3222 300 3286 lumine
321 3221 468 3285 collocare
489 3221 601 3300 uoluit;
623 3224 690 3287 inde
712 3243 779 3286 cum
799 3225 943 3305 magicam
964 3223 1025 3287 eius
1047 3237 1141 3287 artem
1162 3236 1215 3286 et·

95 3311 203 3374 scelera
217 3311 379 3396 legentibus
392 3325 581 3395 proponeret,
597 3311 826 3376 misericordiam
841 3311 919 3376 illam
934 3332 1022 3398 quam
1036 3310 1099 3376 sola
1108 3331 1191 3374 amo·

95 3398 133 3463 n's
157 3401 314 3484 descriptio
338 3398 491 3477 mouisset,
512 3399 604 3464 nimio
626 3399 748 3465 lortasse
770 3401 893 3466 horrore
916 3400 1052 3484 augebat.
1077 3403 1204 3486 Omnes¹

94 3489 193 3552 autem
205 3489 352 3553 eiusmodi
365 3508 411 3551 res
431 3509 499 3553 cum
518 3503 625 3572 poetae
645 3505 675 3553 et
695 3489 861 3575 aequalium
882 3491 945 3556 eius
965 3491 1083 3577 ingenio
1104 3504 1190 3574 aptae

93 3590 186 3653 erant,
200 3591 264 3660 tum
278 3599 295 3639 a
308 3579 426 3641 Lucano
441 3577 513 3641 olim
525 3577 676 3661 splendide
689 3592 839 3641 tractatae.
856 3580 1008 3658 Ceterum,
1030 3599 1098 3644 cum
1119 3578 1189 3642 huic

94 3666 244 3730 Colchidis
265 3667 395 3752 magicae
414 3667 564 3752 potentiae
583 3665 707 3731 libenter
728 3668 886 3744 insisteret,
910 3667 1078 3756 diligentius
1101 3687 1190 3754 quam
1257 3699 1262 3708 ·

92 3756 155 3839 ipse
166 3757 307 3830 Graecus,
324 3757 374 3842 qni
386 3770 483 3820 tamen
497 3755 659 3820 doctissimi
672 3771 778 3841 poetae
794 3755 902 3821 lamam
919 3757 996 3836 tulit,
1017 3758 1054 3821 ad
1075 3770 1190 3822 ueteres
1221 3787 1228 3804 ·

93 3841 203 3908 labults
216 3846 248 3906 se
261 3845 475 3922 conformabat,
490 3842 539 3908 ubi
551 3847 660 3908 Aeetae
675 3845 734 3908 lilia
748 3845 893 3910 horrenda
906 3860 936 3911 et
949 3847 1083 3932 speciosa
1101 3845 1189 3911 simul

93 3951 164 4018 saga
177 3933 302 4000 uidetur.
854 4013 856 4020 Ι
1028 3991 1030 3998 .

131 4021 162 4084 Si
175 4040 248 4086 uero
261 4022 420 4105 penitencie
433 4040 572 4086 sensuum
588 4021 702 4086 ionum
720 4022 826 4108 qnibns
839 4021 964 4088 afficitur
981 4023 1084 4090 Medea
1097 4024 1189 4090 intro·

119 4231 202 4278 nvn„
211 4233 453 4291 Arpos.,vi,459·qq.
504 4217 506 4224 ¹
622 4245 641 4294 J
691 4231 929 4291 i·¹⁸··Vllri¹i·iii·

117 4293 250 4347 s.la.,V11,
262 4296 355 4352 quaqq.
694 4293 927 4348 abstinui-tat.
1036 4353 1045 4362 .
