2970 4802
724 314 940 382 ...82-

289 467 391 550 gustiis
412 464 447 529 ad
466 464 618 528 transitum
639 477 669 528 et
691 463 824 528 omnium
837 461 961 526 salutem
975 461 1075 524 omnia
1094 470 1202 544 parav.
1224 461 1281 525 Sed
1304 480 1375 525 mox

288 569 383 618 morte
403 553 550 638 abripitur.
572 552 651 616 Nihil
673 564 772 615 autem
798 550 858 614 lere
885 549 922 613 de
948 548 999 613 illo
1027 551 1203 612 memorauit
1230 549 1372 626 Valerius,

287 662 462 727 quamquam
477 641 524 704 hie
537 641 625 704 etiam
639 641 723 702 lason
736 653 887 702 mortuum
901 637 1128 722 gubernatorem
1148 637 1269 722 pulchra
1289 651 1319 701 et
1337 638 1374 700 ad

287 731 463 795 mouendam
477 729 694 792 miserationem
705 726 811 792 idonea
825 727 958 790 oratione
972 727 1119 789 decorat¹.
1134 725 1238 809 Neque
1251 745 1323 790 uero
1343 727 1374 788 in

286 818 475 882 describendo
488 817 599 880 Phineo
613 815 739 879 multum
752 829 952 878 commoratus
966 828 1026 891 est;
1041 816 1125 877 cuius
1138 829 1240 878 contra
1254 813 1375 898 Apollo-

286 909 351 968 nius
372 906 566 970 constantiam
588 918 618 966 et
639 923 771 967 serenam
794 917 880 988 atque
902 900 1053 985 culparum
1070 903 1218 966 consciam
1244 915 1374 966 mentem

285 993 426 1058 subtiliter
437 1005 616 1077 expresserat
624 1002 646 1059 ⁸.

323 1084 397 1147 Sunt
410 1095 507 1146 autem
520 1080 617 1166 plures
630 1099 771 1165 personae
783 1099 855 1164 quas
868 1078 1022 1164 neglegere
1035 1080 1124 1142 autin
1133 1097 1248 1143 recessu
1262 1097 1372 1162 ponere

22 1187 24 1254 ξ
148 1189 151 1192 ·
285 1186 404 1255 propter
416 1189 526 1235 nouum
540 1185 718 1234 narratarum
732 1189 827 1232 rerum
841 1167 974 1231 ordinem
991 1181 1036 1232 est
1049 1181 1181 1232 coactus.
1197 1168 1373 1232 Paucissima

285 1259 321 1323 de
330 1258 501 1344 Chalciope,
512 1258 632 1323 Medeae
645 1277 746 1322 sorore
759 1257 857 1332 relert,
869 1277 943 1342 quae
956 1257 987 1320 in
998 1257 1113 1322 Graeco
1128 1257 1267 1335 carmine,
1282 1257 1374 1342 preci·

283 1347 338 1412 bus
346 1349 433 1412 simul
441 1363 470 1412 et
481 1347 642 1432 pmdentia,
653 1348 744 1411 immo
753 1345 909 1410 calliditate
922 1365 985 1420 sua,
996 1343 1063 1409 filiis
1076 1359 1106 1410 et
1114 1347 1209 1410 latoni
1223 1347 1330 1430 pariter
1342 1359 1372 1410 et

283 1439 459 1520 Argonautis
472 1437 593 1499 salutem
607 1433 803 1512 ministrabat;
818 1449 910 1497 mater
922 1435 1000 1496 enim
1013 1434 1072 1510 illa,
1090 1436 1171 1498 omni
1185 1435 1328 1518 religione
1342 1449 1372 1498 et

282 1524 472 1589 haesitatione
486 1525 603 1599 reiecta,
624 1524 660 1587 ad
680 1523 739 1588 hoe
759 1537 873 1586 tantum
894 1523 1024 1606 impensa
1045 1541 1135 1606 opera
1152 1521 1318 1585 elaborabat
1338 1537 1371 1586 ut

283 1614 379 1677 Phrixi
397 1614 509 1699 prolem
527 1611 581 1676 sibi
602 1626 729 1678 seruaret
748 1612 955 1676 incolumem⁴.
970 1611 1027 1674 Sed
1040 1611 1095 1674 hac
1113 1631 1237 1694 persona
1254 1609 1370 1675 Valerio

190 1749 192 1754 ⁷
230 1703 233 1710 ’
281 1722 342 1766 non
355 1722 429 1785 opus
446 1715 517 1778 erat,
536 1702 586 1785 qui
605 1703 707 1765 Circae
724 1714 754 1763 et
771 1703 850 1763 Deae
863 1701 969 1763 Veneri
987 1700 1105 1762 easdem
1126 1713 1222 1783 partes
1242 1700 1369 1766 tradidit.

281 1791 382 1874 Neque
394 1791 430 1854 ad
443 1811 504 1856 rem
514 1790 663 1874 quamsibi
674 1801 865 1873 proposuerat
879 1789 1021 1873 pertinere
1035 1786 1154 1873 putabat
1164 1791 1269 1852 Areten
1278 1787 1368 1866 illam,
1392 1801 1413 1822 ·'

280 1878 394 1942 Alcinoi
406 1880 564 1962 coniugem
579 1879 655 1942 dulei
669 1880 776 1942 uirtute
789 1892 819 1941 et
834 1875 993 1962 indulgenti
1006 1897 1074 1960 erga
1094 1878 1221 1941 uitiosos
1240 1876 1370 1943 beneuo-

281 1965 369 2029 lentia
382 1981 411 2030 et
423 1981 523 2032 tenera
535 1967 678 2030 malorum
693 1968 878 2032 miseratione
892 1965 1047 2028 iucundam
1055 1976 1076 2030 5.

319 2055 447 2118 Serrana
461 2056 634 2140 Hypsipyles
648 2057 771 2118 uirtutes
784 2053 1068 2132 meliusillustrauit;
1084 2074 1171 2139 quae,
1186 2055 1366 2136 praesertim,

280 2142 1368 2313 2}lltrtlllitlttltllllllgltltlclttlltltt

280 2317 390 2378 Iasonis
402 2317 556 2395 desiderio
567 2319 693 2399 puellam
712 2317 792 2378 illam
811 2315 1033 2401 quodammodo
1051 2329 1178 2398 superat,
1198 2336 1273 2399 quae
1291 2315 1367 2398 apud
1397 2364 1402 2377 .

226 2441 228 2445 -
280 2403 421 2465 Graecum
435 2418 554 2486 poetam
567 2402 758 2485 simpliciores
771 2417 801 2465 et
813 2403 935 2466 sortasse
950 2402 1082 2465 mullebri
1102 2415 1221 2464 naturae
1240 2404 1367 2486 aptiores

278 2489 400 2554 allectus
414 2490 596 2555 exhibebat⁶.
613 2493 651 2553 At
665 2491 773 2554 multae
786 2504 854 2554 sunt
868 2489 1059 2555 secundarum
1073 2492 1197 2574 partium
1212 2510 1365 2574 personae,

278 2599 349 2662 quas
364 2577 399 2641 ab
412 2578 573 2662 Apollonio
586 2579 743 2643 artificiose
758 2579 901 2662 expolitas
913 2580 1100 2643 retractauit:
1115 2578 1215 2664 quales
1229 2579 1381 2662 Orpheus

276 2680 307 2729 et
319 2667 460 2731 Hercules
472 2680 503 2731 et
516 2669 618 2732 Peleus
631 2681 661 2732 et
674 2667 827 2732 Telamon.
844 2668 983 2752 Orpheus
995 2685 1178 2752 nequaquam
1192 2665 1228 2730 ad
1245 2665 1367 2732 bellato-

274 2755 312 2818 ris
325 2755 552 2833 similitudinem,
567 2756 748 2839 proeliorum
760 2770 791 2819 et
804 2756 896 2820 laudis
908 2757 997 2832 auidi,
1012 2769 1074 2820 erat
1087 2775 1256 2840 expressus;
1270 2757 1295 2820 is
1305 2770 1367 2821 erat

274 2858 376 2907 contra
390 2844 465 2928 apud
478 2845 670 2928 Apollonium
684 2843 834 2909 fabulosus
854 2844 902 2908 ille
921 2844 1065 2908 Thracius
1084 2859 1177 2921 uates,
1201 2845 1283 2908 cuius
1301 2865 1366 2908 sua·

154 2989 157 2994 ,
274 2932 384 2996 uissimi
402 2946 504 2997 cantus
522 2934 598 2998 leras
618 2933 746 2998 mulcere
765 2947 795 2998 et
812 2954 858 2998 res
879 2935 966 3017 ipsas,
989 2934 1065 2996 uitae
1086 2932 1241 3016 participes
1261 2932 1363 3011 factas,

272 3039 358 3102 egere
371 3036 401 3085 et
414 3041 536 3086 mouere
549 3031 712 3106 poterantt.
727 3023 885 3087 Formosus
894 3022 942 3084 ille
951 3022 1052 3098 heros,
1061 3022 1110 3112 qui
1120 3021 1201 3084 uultu
1211 3021 1364 3104 pulchrum

271 3107 353 3172 illum
366 3131 503 3174 sensuum
516 3124 704 3187 concentum,
719 3129 755 3174 ex
775 3113 879 3174 artium
899 3109 965 3174 solo
985 3109 1064 3174 cultu
1083 3111 1206 3194 petitum
1227 3109 1362 3193 praefert,

141 3236 145 3244 ·
271 3193 345 3259 bene
365 3197 401 3260 de
421 3201 598 3283 Argonautis
618 3212 757 3275 meretur,
777 3200 839 3262 siue
859 3198 921 3282 lyra
941 3200 1083 3282 remigum
1104 3212 1202 3261 motus
1222 3211 1363 3280 temperat

271 3283 319 3346 uel
331 3285 423 3368 iurgia
436 3287 620 3368 componitl,
639 3289 701 3349 siue
721 3305 828 3349 camma
846 3303 922 3349 uoce
942 3286 1089 3348 sirenibus
1110 3285 1260 3348 aemulans
1280 3287 1362 3348 omni

270 3371 398 3453 periculo
416 3375 540 3436 comites
560 3393 630 3437 suos
649 3372 785 3451 liberat93
805 3374 874 3457 quin
895 3375 984 3436 etiam
1003 3371 1177 3436 carminibus
1198 3373 1309 3436 Iasonis
1331 3386 1361 3437 et

168 3503 170 3507 -
267 3459 387 3523 Medeae
401 3463 516 3544 nuptias
528 3462 647 3525 decorat
658 3461 862 3546 laetorumque
876 3475 1027 3525 nautarum
1042 3462 1122 3524 ducit
1135 3461 1257 3525 choreas
1266 3470 1304 3539 '⁰;
1321 3461 1361 3525 ita

267 3547 414 3611 Musamm
428 3548 476 3612 ille
489 3548 645 3633 discipulus
658 3569 742 3612 sacro
756 3550 885 3633 quodam
895 3548 995 3612 officio
1006 3549 1178 3632 fungitur-et
1190 3547 1278 3632 saepe
1292 3568 1360 3613 uere

266 3635 402 3699 sacerdos
416 3637 543 3715 excisum
559 3655 656 3700 nonne
670 3656 772 3720 preces
785 3637 848 3700 eius
861 3637 990 3716 benigno
1004 3639 1102 3700 animo
1116 3636 1266 3701 audientes
1285 3639 1361 3700 liet·

266 3723 581 3804 perideserharenosis
589 3725 697 3808 Libyae
706 3723 908 3789 solitudinibus
915 3744 1019 3808 purum
1029 3725 1141 3788 sontem
1150 3725 1358 3808 exprimunt¹¹i

261 3924 784 4070 praeteruehenti:
835 3927 941 4034 ‚mn
956 3928 974 3980 ’ν
988 3929 1125 3984 nn.-
1142 3928 1196 3974 *e

277 4039 308 4082 14.
402 4049 415 4082 s,
537 4063 542 4074 ι
828 4087 830 4091 f
875 4053 895 4096 7.
906 4043 984 4087 Amr..
995 4043 1084 4100 Argea„
1094 4042 1112 4094 l,
1122 4053 1155 4098 tp.
1259 4080 1262 4086 .

286 4089 401 4134 abac!
412 4092 549 4148 premnt.
762 4155 764 4160 Ι
874 4105 895 4146 Ι.
905 4104 947 4155 lm,
957 4104 975 4155 1,
986 4105 1065 4157 uoti»
1074 4105 1120 4158 ape'.

288 4152 637 4210 mandamentum·
749 4163 751 4176 ¹
873 4164 1099 4222 alentionem.

285 4212 511 4270 obnuberent·
680 4229 681 4232 ’
862 4225 1124 4281 subsiliant-urs·
1188 4267 1195 4278 .

286 4272 566 4334 thaumatum·
860 4287 992 4341 n.r·..1r‚
1003 4297 1122 4343 raonem
