2970 4802
763 707 767 716 ’
792 691 830 774 X

589 949 637 1016 De
660 949 1039 1018 Deorum·mlnistsrlla

177 1231 180 1239 '
303 1227 335 1287 ln
354 1227 484 1288 Deorum
504 1225 671 1288 ministeriis
690 1224 858 1289 adhibendis
878 1225 964 1308 plane
984 1225 1019 1288 ab
1037 1227 1198 1310 Apollonio
1213 1227 1360 1309 digressus

263 1327 318 1377 est.
334 1313 384 1376 ille
396 1315 484 1388 enim,
505 1326 537 1375 ut
556 1312 686 1397 plerique
702 1313 833 1376 eiusdem
852 1315 954 1377 aetatis
973 1328 1088 1397 poetae,
1109 1316 1224 1377 etiamsi
1242 1329 1358 1378 ueteres

263 1401 373 1464 fabulas
385 1402 526 1476 narrabat,
541 1401 615 1463 intra
628 1402 772 1463 humanae
785 1414 903 1464 naturae
915 1402 987 1464 lines
1002 1403 1133 1464 uirorum
1151 1401 1358 1486 factorumque

262 1490 486 1570 descriptionem
506 1487 758 1552 circumscribebat
779 1501 819 1565 et,
839 1503 871 1552 ut
890 1489 931 1552 ita
951 1490 1057 1562 dicam,
1078 1491 1191 1572 epicam
1210 1492 1324 1572 poesim
1344 1511 1361 1554 e

264 1577 346 1640 caelo
367 1577 403 1640 ad
422 1590 528 1639 terram
548 1576 730 1653 demittebat,
752 1577 850 1640 diuina
872 1577 992 1640 numina
1012 1577 1114 1661 procul
1134 1597 1151 1640 a
1170 1577 1252 1658 uulgi
1266 1578 1362 1640 oculis

263 1684 419 1727 remouens
437 1683 492 1726 nec
512 1665 669 1749 quicquam
690 1664 744 1726 nisi
766 1663 921 1726 hominum
942 1683 1046 1726 sensus
1064 1665 1188 1726 libenter
1200 1663 1359 1746 explicans.

263 1753 297 1815 ln
315 1771 429 1836 quaque
449 1753 526 1814 enim
547 1771 579 1814 re
599 1751 673 1814 hanc
694 1751 869 1834 peculiarem
895 1753 964 1814 artis
984 1771 1053 1815 suae
1075 1765 1176 1815 notam
1194 1751 1359 1818 exhibebat.
1374 1749 1390 1774 '²

264 1840 339 1902 Tam
353 1841 431 1903 enim
443 1839 528 1902 facile
541 1842 620 1902 Deos
633 1839 763 1920 neglegit
777 1853 810 1902 ut
822 1852 936 1923 praeter
949 1854 1102 1922 poetarum
1118 1840 1362 1903 consuetudinem
1377 1915 1378 1920 γ

124 1931 128 1937 “
263 1947 330 1990 raro
350 1941 380 1990 et
397 1928 480 2011 quasi
499 1945 585 2009 aegre
607 1926 666 1990 ulla
689 1929 819 1989 Deorum
840 1929 1049 2010 Musarumque
1069 1928 1238 2008 precatione
1251 1941 1360 1993 utatur.

264 2015 340 2077 Sane
353 2015 481 2098 inprimi
502 2014 566 2076 libri
588 2015 744 2096 prooemio
763 2014 911 2088 Phoebus,
927 2015 1005 2077 tertii
1025 2028 1124 2077 autem
1145 2017 1246 2090 Erato,
1268 2016 1363 2098 quarti

264 2102 389 2184 denique
400 2121 459 2163 una
471 2122 507 2163 ex
528 2103 607 2162 louis
627 2101 693 2163 filiis
713 2101 877 2175 inuocatur‚
893 2102 944 2162 sed
965 2104 1026 2162 sine
1045 2099 1107 2163 ullo
1127 2102 1216 2162 animi
1230 2116 1314 2165 motu
1333 2115 1364 2164 et

265 2206 369 2269 parum
380 2200 524 2251 accurate.
541 2187 624 2248 Parui
637 2188 716 2248 enim
729 2187 879 2249 Musarum
895 2185 1005 2249 fabulas
1018 2188 1164 2251 aestimat.

305 2275 384 2336 Deos
403 2287 502 2337 tamen
522 2292 745 2356 nonnumquam
770 2274 893 2349 inducit,
914 2274 967 2336 sed
991 2293 1051 2336 non
1073 2275 1148 2336 adeo
1172 2273 1295 2338 libenter
1318 2274 1364 2338 his

266 2362 363 2445 operis
377 2362 422 2424 sui
437 2361 566 2444 partibus
579 2362 697 2425 insistit.
714 2363 850 2438 Quorum
865 2363 986 2426 nomina
1004 2361 1157 2446 uariasque
1166 2364 1169 2370 ’
1179 2361 1289 2425 labulas
1308 2361 1364 2426 lre·

265 2462 388 2532 quenter
408 2448 513 2527 adfert,
534 2467 589 2514 nec
608 2463 705 2512 tamen
727 2449 782 2534 ipsi
805 2449 835 2514 iu
857 2466 1031 2534 argumento
1055 2451 1206 2533 ingentem
1231 2449 1364 2515 obtinere

265 2537 366 2601 locum
385 2539 531 2603 uidentur.
553 2539 600 2600 Bis
619 2552 734 2601 tantum
753 2537 890 2602 Phoebus
910 2537 946 2601 ab
967 2538 1144 2622 Argonautis
1166 2540 1364 2623 conspicitur;

169 2661 173 2670 ·
266 2627 393 2710 primurn
412 2627 442 2688 in
468 2624 561 2689 insula
581 2624 733 2710 Thyniade
755 2625 808 2689 sub
831 2625 1019 2712 pulcherrimi
1044 2625 1240 2690 adulescentis
1267 2628 1364 2711 specle

265 2713 368 2797 rapido
382 2715 472 2799 gradu
493 2711 676 2799 crinibusque
697 2712 808 2791 effusis,
832 2734 932 2778 arcum
952 2728 1162 2777 manutenens
1183 2728 1212 2777 et
1226 2734 1364 2779 sonoram

268 2803 432 2885 pharetram
444 2803 556 2886 agitans
569 2801 688 2878 incedit,
703 2802 773 2865 dum
788 2802 880 2866 sub'
855 2823 917 2866 erus
931 2802 1050 2886 pedibus
1059 2816 1124 2866 tots
1135 2802 1363 2867 insulatremit¹.

269 2891 346 2953 hlem
366 2891 427 2967 ille,
447 2892 498 2975 qui
517 2894 764 2972 Argonautarum
776 2892 898 2973 inceptis
918 2891 1010 2968 fauet,
1033 2890 1170 2955 heroibus
1189 2911 1240 2974 per
1261 2891 1365 2955 densas

268 2978 359 3041 nubes
372 2997 444 3040 man
436 2979 618 3043 errantibus
631 2999 731 3042 ueram
743 2979 831 3042 uiam
837 2981 1027 3056 demonstrat,
1044 2999 1111 3060 cum
1131 2999 1147 3041 e
1166 2999 1279 3041 summa
1293 2983 1372 3063 rupe
1451 3041 1455 3048 ,

268 3067 468 3149 splendentem
493 3087 591 3130 arcum
613 3081 763 3152 tamquam
791 3067 889 3172 igpem
916 3052 1091 3150 protendit&
1117 3067 1175 3129 Sed
1203 3081 1236 3130 ut
1263 3086 1364 3150 parum

269 3170 404 3237 agentem
416 3157 566 3219 Phoebum
580 3155 692 3218 induxit
705 3169 804 3239 poeta,
820 3157 860 3218 ita
874 3156 980 3218 multas
994 3155 1030 3218 de
1044 3155 1095 3218 illo
1106 3154 1216 3219 subulas
1225 3154 1363 3238 collegit.

243 3275 246 3281 Δ
269 3256 358 3326 quem
376 3241 470 3305 obiter
489 3243 618 3325 depingit
637 3262 759 3326 puerum
780 3243 950 3325 sagittario
976 3245 1099 3325 Tityum
1121 3243 1364 3321 immittentem23

269 3329 339 3392 alias
353 3347 425 3393 uero
439 3330 609 3393 diuersas'
585 3349 648 3393 etus
664 3329 873 3414 appellationes
891 3329 1062 3394 doctissime
1079 3330 1233 3414 explicam,
1250 3329 1297 3392 uel
1310 3328 1365 3393 iiu-

270 3417 314 3502 git
332 3436 370 3481 ex
382 3417 511 3482 eiusdem
530 3418 656 3483 lacrimis
668 3431 768 3482 ortum
781 3417 952 3483 electrums.
972 3422 1053 3483 Haec
1070 3433 1169 3482 autem
1181 3432 1250 3482 sunt
1263 3418 1364 3502 potius

269 3505 392 3588 mythici
404 3507 553 3570 cuiusdam
566 3507 715 3591 scriptoris
726 3527 814 3592 quam
827 3523 934 3592 poetae
947 3521 1153 3591 argumentum
1160 3508 1292 3569 Deorum
1301 3526 1366 3570 mu·

270 3593 386 3658 ambus
398 3609 429 3659 et
440 3596 576 3678 operibus
589 3595 730 3660 nmantis.

190 3713 193 3720 ¹
308 3684 452 3748 hisiorem
469 3684 570 3747 locum
588 3684 619 3747 in
637 3683 787 3768 Apollonii
806 3684 940 3759 carmine,
953 3683 1067 3746 obtinet
1087 3684 1174 3745 Hera.
1194 3683 1281 3757 Quae
1294 3701 1366 3745 eum

270 3770 385 3850 Pallade
401 3770 585 3855 Aphrodites
603 3771 664 3836 adit
683 3785 714 3834 et
729 3773 874 3836 Amorum
891 3773 984 3834 Deam
1002 3783 1113 3835 oratur
1126 3768 1291 3888 inhiedeae
1304 3769 1366 3832 sni·

300 3965 646 4038 namu-mmmm
809 3970 811 3976 ’
844 3980 947 4076 t313
952 3973 1366 4072 ιιιιιιιιιιιιιιιιιιιι

296 4041 535 4108 ‘mmmm'
844 4031 961 4126 “cudha
937 4033 1166 4141 ιιίιῗῖῗῖιιῖιιιι
1129 4029 1365 4138 ἰιιῗῖὴωιι
1308 4029 1367 4072 '‘⁸''

174 4109 176 4114 ’
300 4119 517 4177 custom-
849 4135 887 4182 ιιι.
895 4135 970 4190 nte·
946 4147 1023 4193 ιι.ιι.

296 4190 511 4248 siaa-wau·
