2996 4792
503 295 720 361 ..„..

66 431 195 514 loquitur
207 443 236 492 et
249 427 408 512 singulam
421 425 560 511 quasdam
573 423 699 487 ferarum
715 435 745 486 et
759 441 896 486 curruum
910 438 940 486 et
953 423 1156 488 columnarum

66 519 206 600 imagines
218 533 292 600 quae
305 533 409 578 eorum
422 513 537 576 uexillis
550 509 760 596 praefiguntur,
775 510 929 595 diligenter
942 511 1072 595 depingit
1085 533 1093 576 a
1159 577 1163 589 ,

277 689 451 764 ...densique
465 687 555 744 leuant
568 685 665 742 uexilla
679 685 792 753 Coralli,

221 761 376 816 barbaricae
389 763 449 834 quis
462 762 538 832 signa
552 767 626 812 rotae
640 755 736 812 serrata
754 773 788 811 ue
801 755 882 812 dorso

219 831 316 888 Forma
327 847 407 887 suum
419 841 579 902 truncaeque
591 827 664 884 iouis
678 827 747 884 simu
791 843 820 883 ra
833 826 999 886 columnae¹.

67 1009 98 1068 ln
118 1004 230 1070 duobus
252 1005 337 1081 locis,
361 1005 469 1068 Latinis
492 1003 679 1067 historiarum
699 1002 890 1086 scriptoribus
910 1001 1027 1066 uidetur
1045 1002 1153 1086 aliquid

65 1093 178 1156 debere.
194 1094 274 1156 Octo
288 1093 366 1154 euim
379 1090 510 1154 uersibus
524 1091 574 1174 qui
587 1104 656 1154 sunt
675 1089 883 1174 aliquantisper
900 1090 1028 1167 obscuri,
1043 1092 1154 1154 Bastar-
1174 1095 1177 1101 “

65 1200 166 1242 uarum
178 1180 288 1262 pedites
305 1191 462 1254 memorat,
480 1177 530 1261 qui
548 1179 623 1240 inter
636 1176 768 1259 equitum
783 1191 893 1240 turmas
906 1175 1028 1260 dispersi
1046 1175 1153 1240 horum

65 1266 239 1330 celeritatem
257 1285 342 1330 cursu
362 1279 486 1349 aequant
498 1289 507 1343 ;
521 1262 603 1350 quod
621 1263 751 1348 quidem,
771 1278 805 1328 ut
818 1265 929 1347 primus
943 1263 1152 1328 demonstrauit
1204 1293 1210 1302 ·

64 1353 200 1432 Schenkl,
223 1354 284 1418 sine
307 1352 396 1418 dubio
419 1366 508 1437 poeta
533 1372 551 1416 e
577 1351 710 1416 Caesaris
733 1351 946 1416 Commenlort'is
966 1352 1082 1436 petiuit,
1104 1352 1153 1417 ubi

64 1443 228 1507 Ariouistus
241 1442 343 1507 eadem
356 1441 503 1528 pugnandi
517 1442 631 1528 ratione
645 1441 748 1520 utitur,
762 1442 823 1525 pari
841 1461 964 1506 numero
979 1463 995 1505 e
1017 1441 1091 1506 uites
1104 1463 1156 1526 pe·

65 1532 195 1616 ditesque
214 1551 395 1618 congregans
414 1545 446 1596 ut
465 1532 539 1594 inter
559 1551 590 1594 se
611 1529 741 1594 auxiliari
761 1542 792 1593 et
809 1531 917 1610 pariter
933 1549 987 1612 pro
1019 1530 1069 1594 'ari
1087 1550 1154 1614 pos·
1220 1565 1223 1571 ι
1328 1531 1331 1534 ’

64 1623 131 1682 sint.

197 1717 200 1722 Δ
269 1736 318 1790 list
331 1732 377 1788 ubi
389 1731 529 1790 Sidonicas
542 1733 611 1789 iuter
624 1733 704 1806 pedes
717 1743 813 1806 cequat
826 1730 952 1800 habenas,

219 1837 221 1842 ·
269 1803 345 1860 lliiuc
359 1807 459 1860 iuratos
472 1804 501 1858 iu
515 1819 543 1860 se
556 1802 637 1859 trahit
651 1805 708 1860 Aea
723 1805 902 1862 Bararuw...

61 1978 136 2042 Alibi
152 1992 250 2042 autem
264 1979 378 2043 Liuium
396 1980 548 2064 sequitur;
564 1999 669 2063 nempe
687 1980 816 2063 scriptor
828 1978 876 2043 iiie
891 1979 949 2042 iam
962 1977 1154 2043 Numidarum

64 2069 192 2151 equitum
212 2068 241 2130 io
259 2067 382 2131 alterurn
402 2088 515 2152 equum
532 2067 616 2131 facile
634 2067 870 2132 tramultautium
889 2066 1067 2131 celeritatem
1087 2081 1155 2132 ante
1265 2143 1270 2150 .

62 2155 227 2256 laudauerat
248 2173 336 2239 quarn
357 2155 489 2219 Valerius
514 2144 636 2220 eandem
664 2153 823 2220 sollertiam
850 2154 886 2219 de
909 2155 1018 2220 Moesis
1041 2176 1154 2220 memo-

62 2257 146 2306 raurt.

395 2350 512 2410 ...celer
526 2362 643 2408 mutator
657 2366 788 2425 equorum

347 2421 502 2480 Moesusi...

61 2600 137 2666 Haec
149 2619 229 2676 sane,
243 2599 314 2663 dum
328 2619 444 2663 carmen
456 2599 610 2678 scribebat,
625 2602 766 2666 memoria
781 2602 947 2666 retinuerat.

99 2688 372 2774 Quotienscumque
389 2689 426 2754 ad
445 2689 567 2766 iontem,
588 2711 624 2754 en
643 2711 703 2776 quo
723 2692 839 2756 uidetur
855 2693 997 2769 hausisse,
1016 2691 1152 2756 accedere

60 2796 226 2860 possumus.
242 2779 346 2843 clarior
360 2778 392 2842 fir
405 2781 523 2865 egregia
536 2779 585 2844 illa
598 2801 643 2844 ars
658 2801 715 2865 qua
729 2782 812 2846 illum
825 2781 968 2846 deriuauit
981 2795 1012 2844 et
1021 2779 1057 2845 ad
1066 2801 1152 2845 suum

60 2884 146 2927 usum
159 2867 403 2932 accommodauit.
419 2869 468 2932 Sic
481 2869 558 2933 Mela
572 2884 735 2934 natrauerat
745 2868 981 2954 Hyperboraeos,
992 2889 1060 2934 cum
1068 2868 1150 2934 senio

60 2955 187 3018 coniecti
199 2970 306 3032 esseut,
321 2957 438 3021 uiuendi
452 2959 584 3021 satietate
599 2977 630 3021 se
644 2957 760 3035 hilares,
775 2958 859 3021 sertis
872 2957 1034 3036 redimitos,
1049 2978 1065 3020 e
1079 2977 1151 3042 rupe

59 3043 228 3126 praecipites
251 3041 318 3107 dare
341 3045 611 3131 solemnisque
633 3047 765 3111 Valerius
788 3045 926 3130 pulchros
944 3044 981 3110 de
998 3045 1150 3131 lazygibus

60 3149 158 3194 uersus
172 3133 286 3196 uidetur
299 3133 468 3213 deduxisse3
479 3135 528 3219 qui
543 3135 661 3218 quidem
673 3155 705 3197 se
714 3155 782 3198 uere
791 3135 908 3199 Stoicos
918 3148 1074 3218 praestant,
1082 3155 1150 3197 nam

59 3236 119 3280 non
133 3237 221 3282 caeco
238 3220 348 3302 impetu
362 3221 398 3282 de
412 3240 483 3284 saxo
497 3234 664 3305 erumpunt,
679 3221 730 3284 sed
744 3221 796 3284 filii
806 3240 894 3285 mauu
905 3220 1018 3285 fortiter
1031 3238 1151 3284 occum-

87 3441 105 3474 ι.
114 3430 167 3474 Vae.
176 3431 266 3485 Aaou„
276 3431 313 3483 Vl,
324 3433 349 3486 ⁸9
359 3445 405 3488 sqq.

84 3512 104 3544 a.
114 3502 141 3545 V.
151 3502 256 3554 sensns,
266 3515 302 3568 pp.
312 3501 377 3555 laud,
388 3517 408 3600 p.
418 3514 452 3555 aq.
461 3504 500 3546 Vir
509 3505 583 3547 doetus
593 3514 654 3547 sente
663 3505 792 3548 demonstrat
802 3502 854 3547 nihil
864 3503 885 3546 iu
895 3502 927 3546 hir
937 3503 1029 3548 uersibus
1038 3489 1149 3548 emendus·

59 3551 169 3652 tinnit
177 3556 473 3662 u.*i.¹.‘.¹.‘.i.:¹.:.‚hltt¹.':·,¹
479 3557 576 3664 pugg,
582 3555 1150 3668 th‘tittttittitiitttinilixl‘nl:
1161 3667 1164 3674 ¹

58 3668 79 3701 er
88 3659 143 3702 laune
151 3661 221 3703 locum
232 3672 340 3704 munerare
350 3663 453 3708 sidentur.
461 3685 487 3696 -
495 3663 526 3705 iic
536 3662 684 3720 delieipsilr'ce,
693 3664 710 3716 i,
716 3665 774 3716 4⁸AE
790 3667 857 3707 ultum
866 3664 931 3708 millia
938 3672 998 3706 ment
1007 3676 1051 3718 res,
1059 3665 1148 3708 totidem

60 3725 146 3756 numero
186 3714 240 3757 dites
253 3715 380 3758 uelocissimi
394 3729 417 3759 te
432 3715 549 3768 fortissimi,
564 3729 617 3772 quoa
631 3719 725 3760 esomnl
787 3717 922 3774 eslnqnllti
974 3729 999 3760 oa
1012 3729 1063 3760 mee
1076 3718 1150 3761 salutis
1243 3759 1246 3768 ,
1315 3730 1318 3738 ·
1424 3731 1460 3750 ·⁴

36 3788 38 3811 t
59 3769 122 3808 sabra
130 3767 156 3808 de
164 3777 257 3824 egerem
267 3766 322 3812 Cum
331 3769 364 3812 lais
373 3771 395 3812 ln
405 3768 489 3826 proeliis
502 3769 647 3821 nersabtntur,
658 3771 684 3813 ad
698 3783 735 3814 eos
744 3772 857 3828 sesquites
866 3771 942 3828 recipie
983 3779 1008 3820 tt
1021 3769 1052 3822 hl,
1066 3771 1084 3813 sl
1098 3771 1148 3827 quid
1234 3800 1237 3809 ·

36 3830 38 3841 ·
59 3819 555 3878 eretdurisqcouetrmbantaslqnl,meiere
568 3821 713 3865 uuluemecee
751 3823 944 3880 ,equodecidersu
954 3821 1149 3875 enatuere-nrt

37 3871 762 3984 ::titantritontrttnnruntt..···
852 3886 897 3919 ...
1000 3877 1149 3919 ........
1205 3908 1207 3912 1

153 3955 160 3977 s
641 3943 653 3969 Ι
713 3959 719 3971 ·
804 3969 807 3975 ι
1119 3945 1122 3952 “

82 4006 103 4056 3.
114 3995 166 4038 vn.
177 3994 313 4092 amam,
325 3997 369 4050 ιιι,
386 3999 431 4046 ιιι.
444 4019 472 4032 -
483 3995 510 4042 ι.
521 3997 583 4042 nvn
596 3996 625 4038 as
641 3997 688 4041 arse
701 3997 784 4041 aaran
798 3984 850 4041 lrrrt
864 3997 888 4042 n.
905 3997 986 4050 xxnr.
1001 4010 1046 4056 eq.
1060 4008 1094 4053 η.
1103 3997 1148 4042 ιικ

38 4048 1148 4196 ‹perenatassetnsttttuutsmamtrtr

77 4163 126 4196 ense
134 4153 235 4199 esiodus
243 4158 293 4214 ipsis
303 4167 387 4214 temque
396 4157 464 4201 docile
473 4169 575 4214 equora·
583 4168 650 4213 gesse
659 4157 706 4200 etti

83 4223 224 4275 pressores
234 4225 473 4278 irruemus-noo,
483 4226 522 4280 lii,
534 4234 555 4280 t.
