2996 4792
566 221 761 292 -,..

119 347 277 412 et'ortibus
295 352 390 414 nautis
409 350 556 415 formosae
570 353 756 436 potentisque
769 355 848 416 Deae
863 353 973 417 dociles
986 353 1056 417 lacti
1069 353 1206 420 cultores.

118 436 186 500 lnde
204 437 364 501 Thessalici
382 437 498 516 heroes,
520 440 569 503 ubi
586 441 816 519 Samothracam,
835 443 923 506 sacris
940 441 1069 506 inclitam
1088 441 1210 526 relique-

118 538 196 602 runt,
205 525 365 590 Dolionum
378 525 450 590 fines
464 529 666 611 praeteruecti,
681 548 749 593 cum
763 530 872 614 Cyzico
885 551 954 614 rege
967 531 1094 594 amicum
1104 529 1209 595 foedus

91 673 92 678 ,
118 613 300 698 coniungunt
314 629 343 678 et
361 615 499 698 hospitali
517 637 617 680 mensa
635 616 781 695 fruuntur,
793 617 848 682 sed
866 637 933 681 cum
952 638 1049 682 rursus
1066 619 1207 693 abiemnt‚
1283 659 1287 668 ·

83 749 84 754 ,
118 700 154 762 ad
173 700 321 765 funestum
340 701 411 766 illud
429 702 498 766 litus
518 719 609 767 noctu
627 705 746 787 repulsi,
767 719 898 769 recentes
916 705 1048 790 hospites
1067 720 1097 769 et
1112 707 1209 790 ipsum
1240 731 1267 790 ·,
1348 699 1353 704 ’

119 789 259 872 Cyzicum
278 790 403 854 confuso
425 791 647 877 improuisoque
661 793 774 875 proelio
794 793 887 876 ignari
905 793 1068 872 trucidant;
1087 807 1120 856 ut
1137 814 1208 857 uero

118 877 193 961 regis
206 896 313 960 corpus
326 879 460 961 sepulcro
477 878 670 943 condiderunt
683 893 713 943 et
732 881 786 966 ipsi
804 881 916 964 piacula
934 881 1076 959 secemnt,
1091 882 1128 944 ad
1145 885 1210 966 My·
1284 928 1287 932 -
1351 889 1356 898 '

117 967 189 1028 siam
203 967 352 1051 appellunt
366 967 415 1032 ubl
428 989 528 1032 amore
542 981 625 1052 capta
638 969 776 1054 Nympha
789 989 881 1055 prope
900 971 1025 1049 fontem,
1039 971 1209 1034 imminente

116 1055 195 1133 luna,
211 1075 333 1138 puerum
346 1057 453 1143 Hylan,
468 1071 562 1122 aetate
575 1073 605 1122 et
614 1058 737 1122 mirabili
749 1057 963 1142 pulchritudine
973 1059 1126 1123 florentem
1136 1060 1209 1144 rapit
1303 1071 1307 1080 “

117 1159 146 1208 et
159 1147 198 1207 ita
211 1146 315 1228 procul
329 1167 346 1210 a
359 1149 447 1210 sociis
466 1147 583 1211 deducit
603 1148 771 1226 Herculem,
786 1149 871 1212 amici
890 1148 1033 1213 desiderio
1052 1169 1210 1232 consump-
1227 1159 1229 1164 '
1327 1165 1337 1175 ·

116 1247 188 1296 tum.
205 1235 280 1298 Hinc
294 1234 330 1297 ad
345 1237 505 1320 Hebrycum
517 1236 604 1300 litora
617 1253 773 1321 postquam
786 1237 890 1302 Pollux
900 1238 989 1302 crudo
1001 1251 1098 1301 caestu
1109 1239 1208 1322 ingen·

115 1336 175 1386 tem
194 1326 340 1409 Amycum
361 1325 475 1403 afflixit,
498 1329 663 1409 Bosporum
683 1328 820 1390 traiciunt
842 1341 872 1391 et
891 1348 908 1390 a
926 1328 1038 1391 Phineo
1059 1328 1206 1412 Harpyiis,

115 1411 232 1476 horrida
252 1427 345 1498 peste,
365 1414 504 1497 depulsis,
527 1416 664 1479 uaticinia
684 1429 713 1480 et
734 1416 867 1494 consilia,
886 1417 960 1500 grati
982 1416 1069 1480 animi
1090 1418 1207 1502 pignus,

114 1503 269 1585 accipiunt.
287 1503 368 1578 Quid
381 1502 489 1567 nobilia
503 1504 551 1567 illa
565 1525 634 1568 saxa
652 1523 826 1582 memorem,
842 1523 916 1590 quae
934 1504 1004 1568 felix
1017 1505 1140 1568 hemum
1157 1525 1209 1569 au·

114 1590 196 1653 dacia
219 1593 248 1654 in
271 1605 419 1655 aeternum
443 1593 518 1656 sistit
540 1605 569 1656 et
590 1607 636 1656 tot
658 1593 913 1678 Mariandynomm
937 1614 970 1657 ac
992 1593 1207 1658 Tibarenorum

114 1695 214 1762 gentes
228 1694 424 1762 prateruectas
439 1693 468 1743 et
481 1681 544 1742 illas
558 1680 688 1744 Phasidis
702 1701 781 1757 oras,
795 1682 826 1744 in
839 1680 943 1766 quibus
956 1684 1041 1746 lason
1055 1703 1134 1746 noua
1149 1683 1208 1746 lata

45 1777 48 1784 ’
114 1780 158 1830 est
170 1768 357 1830 incohatums
371 1789 523 1853 nouasque
536 1788 582 1831 res
601 1773 812 1853 aggressurus?
827 1769 904 1833 Cum
923 1769 1012 1856 igitur
1028 1790 1125 1834 rerum
1144 1784 1207 1833 tan-
1236 1824 1238 1828 .

113 1855 268 1919 tummodo
290 1857 422 1920 ordinem
439 1857 610 1940 inspexeris,
630 1857 928 1921 iudicabisValerium
948 1878 1009 1922 non
1027 1859 1152 1922 multum
1170 1858 1206 1922 ab

112 1943 270 2026 Apollonio
285 1946 450 2020 secessisse,
467 1965 655 2029 quamquam,
671 1945 753 2043 quod
761 1965 816 2008 nos
826 1965 976 2028 speramus
986 1965 1059 2009 mox
1069 1944 1207 2009 demons-

75 2073 80 2082 ·
113 2044 250 2110 traturos,
267 2033 357 2095 multa
371 2054 449 2097 noua
464 2034 582 2116 propria
596 2047 656 2096 arte
670 2035 836 2114 cpmposita
850 2033 959 2097 addidit
972 2048 1002 2097 et
1022 2034 1104 2119 plura
1118 2035 1206 2098 etiam

76 2147 81 2157 ·
113 2120 231 2182 inuertit
248 2121 283 2183 ad
301 2122 449 2206 ingenium
468 2140 554 2183 suum
569 2122 801 2184 accommodata.
824 2123 964 2184 Ceterum
979 2123 1041 2185 ueri
1055 2121 1148 2186 simile
1162 2135 1206 2186 est
1278 2191 1283 2200 ,

112 2208 270 2285 Valetium,
286 2209 310 2271 sl
325 2207 442 2293 quidem
457 2229 532 2294 opus
548 2223 643 2272 morte
657 2211 849 2294 interruptum
868 2209 933 2287 fuit,
949 2211 1007 2273 iam
1026 2211 1056 2272 in
1075 2210 1205 2273 animum

72 2291 75 2297 “
113 2296 258 2360 induxisse
275 2310 307 2360 ut
327 2298 432 2360 heroas
451 2299 481 2360 in
500 2299 620 2380 patriam
640 2297 794 2361 redeuntes
814 2298 919 2361 eodem
937 2299 1038 2363 itinere
1052 2313 1204 2362 reuocaret
1246 2325 1250 2330 ·

112 2384 191 2465 quod
204 2387 261 2446 iam
276 2387 317 2447 eis
331 2387 405 2447 inter
418 2385 510 2448 multa
523 2385 578 2447 alia
590 2385 764 2468 Apollonius
779 2385 924 2467 elegisset.
940 2387 998 2451 Sed
1010 2385 1082 2450 nihil
1095 2386 1203 2450 dehoc
1249 2427 1253 2438 ·

112 2470 252 2534 affirmare
269 2472 349 2538 licet.
370 2473 504 2534 Flaccum
522 2486 620 2534 tamen
637 2472 710 2536 nihil
728 2472 901 2556 prohibebat
923 2475 992 2557 quin
1012 2493 1126 2537 nouum
1147 2474 1204 2537 iter

110 2560 284 2642 Argonautis
297 2561 471 2642 adsignaret,
487 2561 669 2624 acommuni
683 2559 760 2622 lama
774 2559 933 2624 abhorrens
947 2560 995 2624 uel
1009 2580 1074 2623 raro
1088 2561 1203 2646 ascrip-

110 2646 221 2710 toribus
239 2664 453 2726 memoratum;
472 2647 560 2711 libere
579 2649 668 2725 enim,
689 2649 769 2726 nullo
788 2649 958 2712 aduersante
978 2669 1073 2734 neque
1086 2649 1202 2732 uitupe-

110 2749 200 2807 rante‚
215 2737 317 2799 Graeci
332 2735 438 2820 poetae
456 2737 580 2818 uestigia
598 2736 683 2819 plane
701 2737 831 2799 deserere
849 2749 879 2798 et
895 2743 932 2798 e'x
952 2737 1010 2799 alio
1028 2736 1110 2799 sonte
1128 2737 1200 2800 bau·
1290 2741 1292 2748 '
1358 2749 1364 2760 '
1434 2740 1453 2748 “

109 2822 164 2884 rire
176 2826 284 2906 potnit.
300 2827 375 2888 Nam
387 2842 500 2887 ueteres
515 2825 619 2888 Graeci
638 2824 773 2900 uidentur
790 2844 884 2909 neque
903 2825 1058 2908 quicquam
1077 2826 1149 2888 certi
1163 2823 1199 2889 de

109 2909 155 2972 illa
168 2903 352 2995 expeditione
366 2929 464 2976 mente
476 2915 617 2987 tenuisse,
633 2933 726 3000 neque
736 2897 776 2975 dd
791 2912 851 2976 boc
864 2914 1042 2994 spectauisse
1055 2927 1087 2976 ut
1097 2911 1200 2977 densas
1285 2949 1302 2982 ·.

109 3000 298 3084 antiquissimi
311 3003 451 3084 temporis
469 3002 560 3064 nubes
579 3000 763 3071 discuterent,
774 3015 803 3063 et
822 3020 905 3066 ueras
919 3021 964 3063 res
978 3002 1008 3062 in
1021 3000 1118 3064 lucem
1131 3001 1200 3064 ede-

108 3101 182 3152 rent.
200 3089 268 3151 Inde
287 3104 362 3172 quot
381 3091 553 3152 exstitemnt
565 3103 671 3171 poetae
685 3089 734 3152 uel
748 3089 892 3165 historici,
910 3101 956 3152 tot
971 3086 1084 3151 fabulae
1097 3088 1198 3152 allatae

108 3189 196 3253 sunt;
211 3177 335 3258 multum
352 3179 432 3239 enim
450 3178 525 3240 inter
541 3196 573 3240 se
592 3177 754 3261 discrepant
774 3177 953 3240 testimonia.
974 3177 1088 3259 Nempe
1105 3179 1199 3241 Heca·

100 3266 188 3324 'taeus
202 3264 331 3326 Milesius
343 3265 495 3327 adseuerat
509 3264 613 3327 heroas
627 3283 679 3347 per
693 3262 847 3327 Phasidem
861 3266 891 3326 in
904 3265 1070 3341 Oceanum,
1086 3263 1154 3328 inde
1166 3265 1198 3328 in
1259 3334 1262 3340 ,

107 3347 206 3412 Nilum
230 3351 419 3429 intrauisse¹3
442 3352 516 3414 alius
543 3366 646 3414 contra
668 3351 804 3434 scriptor,
831 3371 919 3436 quem
941 3349 1099 3415 scholiasta
1122 3349 1196 3416 falso
1282 3397 1286 3402 -

106 3437 282 3500 Hecataeum
297 3439 460 3502 nominauit
468 3453 498 3501 et
505 3438 685 3521 Sophocles⁸
695 3453 723 3501 et
733 3439 922 3502 Herodorus!
933 3439 1083 3502 tradebant
1092 3447 1197 3502 nautas

106 3522 208 3587 eadem
227 3527 275 3588 uia
296 3546 353 3609 qua
372 3525 513 3590 Colchica
534 3526 621 3590 litora
644 3525 794 3609 petiissent
815 3527 954 3604 rediisse;
979 3545 1055 3608 quos
1077 3525 1196 3611 quidem

106 3622 239 3673 annones
252 3632 313 3675 non
327 3613 385 3675 iarn
402 3612 439 3676 ad
457 3612 681 3676 remotissimam
700 3613 872 3676 memoriam
891 3613 1028 3677 accedere
1046 3625 1201 3696 putamus,

105 3696 156 3759 sed
170 3698 232 3761 eius
245 3699 347 3762 aetatis
361 3719 425 3763 esse
441 3719 498 3783 qua
515 3714 630 3764 ueteres
647 3699 761 3763 fabulae
779 3700 905 3763 consilio
924 3713 954 3765 et
966 3701 1079 3763 ratione
1097 3701 1196 3764 excuti

102 3796 186 3846 erant
195 3798 329 3868 coeptae.
344 3787 376 3849 ln
389 3787 519 3871 Pythicis
532 3805 605 3850 uero
619 3786 791 3872 carminibus
800 3786 938 3850 Pindams
946 3785 1041 3851 obiter
1048 3800 1195 3851 transuec-

133 4009 228 4056 ΗΜ.
238 4013 318 4062 bota.
327 3993 458 4070 1116»..ῐῆ
467 4025 513 4072 ις’.
911 4040 912 4043 ¹
982 3995 984 3998 Ι
1090 4031 1092 4040 ’

131 4089 152 4123 a.
162 4078 359 4137 tannetum-1.
368 4085 448 4128 Ακιι.
458 4084 542 4137 Rasa„
550 4083 590 4135 lv.
598 4085 644 4137 aaa.
653 4105 681 4118 -
689 4085 772 4137 Dim,
781 4082 934 4142 Hirtium
942 4085 1141 4140 almasanum.
1148 4087 1194 4140 atr.

133 4160 153 4204 y.
162 4147 231 4196 Sahal.
239 4152 319 4198 Anat.
325 4153 411 4206 Rasa..
420 4151 458 4206 Ν,
468 4164 514 4210 ¹55·
524 4153 607 4209 nnn,
615 4163 633 4201 t.
642 4153 671 4208 tt.
678 4153 770 4215 tran..
779 4165 812 4212 55.
