2996 4792
756 181 950 252 ..6-

274 343 277 348 ·
306 328 376 376 tum
384 313 534 376 &eanum
545 325 574 375 et
583 310 774 395 Erythraeum
784 330 862 374 mare
871 309 1135 395 significat¹,quasi
1145 311 1224 375 illam
1234 313 1397 396 expeditio-

307 421 379 464 nem
391 403 438 464 cui
450 421 531 464 mens
544 400 670 464 humana
683 403 777 484 impar
790 421 854 464 csse
865 401 1022 474 uideretur,
1032 417 1112 462 sacta
1121 398 1299 464 obscuritate
1308 401 1397 465 uellet

307 490 471 552 inuoluere.
490 489 587 554 Plures
605 505 704 554 autem
724 491 772 553 alii
793 491 868 552 inani
890 489 1021 565 menda,
1043 507 1148 570 magna
1161 489 1311 574 diligentia
1324 491 1396 554 baec

308 579 462 660 explanare
474 577 663 640 conabantur.
676 579 751 641 Nam
764 577 960 661 geographiae
974 575 1105 640 doctrina
1119 595 1179 640 non
1193 578 1232 640 ita
1240 577 1277 640 ad
1287 579 1397 662 perlec-

155 653 165 662 ’
260 703 271 720 ·
307 665 420 728 tionem
433 666 668 750 progrediebatur
681 682 713 730 nt
727 667 861 729 tenebrae
874 663 939 728 illae
952 662 1189 729 dissoluerenmr.
1200 665 1312 728 Sensim
1324 667 1396 729 haec

307 753 386 817 fama
397 753 579 837 praeualebat
593 769 693 820 nautas
708 775 724 820 e
738 757 833 818 l’onto
848 753 886 816 ael
899 753 1150 837 septemtrionem,
1160 753 1264 818 deinde
1273 753 1309 818 at
1318 754 1397 820 occi·

307 843 427 904 dentem
438 862 501 905 esse
515 862 683 927 regressos3
697 841 777 926 quod
790 841 924 905 locorum
937 855 1067 918 naturae,
1082 841 1139 904 iam
1152 841 1256 905 melius
1266 842 1397 927 explora-

307 944 418 1006 tomm,
433 951 533 1012 parum
548 931 749 994 conueniebat.
764 930 812 993 Sic
825 929 1006 1012 Timagetus,
1022 929 1046 993 si
1060 928 1209 1012 Apollonii
1222 929 1396 994 scholiastae

307 1017 463 1092 credimus,
483 1018 514 1080 in
533 1019 628 1101 primo
648 1018 685 1080 de
706 1017 846 1100 portubus
866 1015 940 1080 libro
960 1016 1101 1080 Phasidos
1124 1017 1252 1082 fluminis
1277 1037 1395 1081 cursum

307 1103 495 1174 describebat,
511 1102 547 1164 de
560 1103 677 1164 Celticis
693 1102 841 1164 montibus
856 1103 886 1162 in
900 1101 1035 1182 paludem
1050 1102 1194 1182 quandam
1205 1103 1395 1178 decurrentis,

306 1206 379 1251 mor
391 1188 422 1249 in
433 1187 493 1250 dno
507 1187 638 1250 bracchia
651 1187 771 1262 diducti,
787 1205 914 1270 quornm
931 1206 1023 1249 unum
1040 1186 1077 1250 ad
1096 1186 1283 1270 Tyrrhenum
1302 1207 1394 1262 mare,

211 1332 216 1339 .
307 1275 430 1338 alterum
448 1275 484 1338 ad
501 1277 627 1339 Pontum
642 1275 796 1352 tenderet,
814 1273 949 1360 idemque
968 1293 1037 1339 cum
1055 1275 1174 1340 adderet
1190 1276 1246 1340 bac
1264 1277 1313 1339 uia
1331 1275 1396 1340 red·

242 1411 248 1420 .
307 1377 410 1427 euntes
421 1366 604 1450 Argonautae
617 1365 757 1450 Hesperia
774 1364 860 1427 litora
877 1382 941 1428 csse
954 1363 1123 1442 aduersae,
1144 1364 1261 1450 ignarus
1279 1384 1349 1429 sane
1365 1365 1395 1428 in

307 1453 459 1518 Phasidcm
478 1454 608 1518 Histrum
625 1451 736 1518 eliundi
753 1457 982 1538 excogitauerat.
999 1455 1031 1518 ln
1050 1453 1174 1519 similem
1191 1453 1308 1540 culpam
1326 1455 1397 1520 inci·

309 1543 351 1606 dit
364 1543 500 1608 Timaeus
513 1545 563 1630 qui
575 1543 687 1608 Socrati
700 1545 818 1629 aequalls
832 1557 902 1609 erat.
919 1545 975 1608 llic
989 1543 1057 1628 qula
1071 1543 1225 1630 diligenter
1242 1545 1394 1609 nominum

308 1646 338 1697 et
349 1652 465 1696 morum
476 1632 616 1718 quasdam
627 1632 829 1698 similitudines
840 1632 920 1718 apud
932 1631 1064 1698 Colchos
1078 1648 1107 1698 et
1116 1633 1224 1712 lllyrici
1233 1633 1281 1698 uel
1290 1635 1395 1698 Graeci

306 1721 399 1784 litoris
412 1721 526 1786 accolas
536 1735 701 1797 notauerat,
715 1724 901 1804 Argonautas
919 1723 1046 1785 narrauit
1065 1741 1117 1806 per
1133 1722 1257 1785 Tanaim
1270 1721 1396 1786 aduerso

307 1808 427 1872 flumine
439 1810 631 1892 nauigauisse,
646 1809 713 1872 inde
725 1829 831 1872 nauem
845 1811 873 1872 in
886 1829 1005 1872 umeros
1023 1809 1195 1874 extollentes
1214 1809 1250 1873 ad
1270 1810 1396 1874 lnierum
1449 1869 1479 1887 ‚,

307 1916 387 1958 mare
405 1895 489 1959 facile
511 1895 731 1974 descendissem
753 1916 841 1981 quem
863 1896 978 1959 uidetur
1003 1911 1121 1961 secutus
1147 1917 1211 1960 esse
1237 1899 1394 1980 Scymnus,

306 1983 492 2134 {iiiiii
504 1983 1025 2154 tirttlittl‘t‘ilttlt‘ttf:
1041 1985 1396 2154 titillentur

307 2161 395 2242 nique
407 2157 604 2242 Apollodoms
616 2178 648 2221 se
661 2159 786 2222 multum
800 2158 959 2240 proiecisse
974 2173 1068 2242 putat,
1083 2161 1151 2242 quia
1170 2161 1272 2222 Histro
1285 2158 1396 2222 flumen

307 2246 463 2310 Eridanum
482 2245 659 2310 substituiti.
678 2249 755 2322 Quae
776 2248 875 2309 omnia
895 2266 992 2332 neque
1011 2246 1250 2324 Eratosthenes‘,
1270 2248 1320 2332 qui
1343 2248 1398 2312 sub

307 2334 479 2398 Ptolemaeis
491 2334 626 2411 florebat,
640 2354 737 2418 neque
749 2348 850 2418 postea
862 2335 1094 2410 Artemidorum,
1115 2353 1184 2398 cum
1203 2333 1239 2398 de
1256 2349 1398 2399 terramm

307 2423 364 2484 situ
377 2422 471 2505 ample
482 2422 668 2498 dissererent,
682 2421 743 2486 ullo
758 2422 850 2485 modo
866 2421 1093 2486 illustrauerunt.

346 2510 421 2572 Sane
433 2511 504 2572 baec
517 2511 689 2592 opinionum
703 2512 740 2572 de
752 2509 911 2572 fluuiorum
926 2529 1012 2572 cursu
1023 2523 1052 2572 et
1063 2511 1181 2573 nomine
1192 2509 1397 2573 dissimilitudo

264 2591 268 2598 '
307 2595 448 2679 plurimos
460 2615 573 2660 errores
586 2596 730 2680 designat,
745 2597 774 2659 in
787 2615 863 2680 quos
876 2595 957 2660 docti
971 2596 1012 2658 illi
1031 2597 1087 2659 uiri
1105 2597 1216 2660 maiore
1230 2597 1398 2660 traditarum

261 2757 264 2762 Ι
307 2703 404 2746 rerum
424 2685 596 2761 reuerentia,
621 2685 735 2747 minore
756 2699 855 2747 autem
874 2684 1011 2748 locorum
1030 2685 1202 2768 cognitione
1222 2684 1395 2748 inciderunt.

308 2773 386 2834 Cum
398 2771 543 2835 tamenab
556 2771 705 2856 Apollonii
718 2771 900 2855 temporibus
914 2792 1007 2858 usque
1021 2772 1057 2835 ad
1072 2773 1241 2855 Vespasiani
1256 2773 1399 2856 principa·

308 2873 373 2922 tnrn
385 2861 541 2942 plurimum
558 2874 643 2924 aucta
656 2874 733 2924 esset
746 2861 901 2946 regionum
919 2861 1098 2924 terrestrium
1116 2876 1167 2923 aut
1186 2861 1397 2924 maritimarum

309 2945 475 3031 descriptio,
493 2963 523 3011 et
540 2948 624 3011 multi
642 2967 735 3012 nouas
747 2969 795 3012 res
809 2948 985 3026 attulissent,
1006 2945 1143 3012 confusas
1163 2947 1399 3031 explicauissent,

309 3034 394 3098 salsas
406 3037 610 3113 correxissent,
624 3036 809 3100 multaerant
822 3035 910 3100 inhia
924 3036 1114 3120 scriptoribus
1125 3055 1201 3121 quae
1210 3034 1326 3097 Valerio
1337 3055 1399 3098 noo

310 3121 425 3186 difficile
445 3122 546 3188 luisset
567 3125 697 3188 reddere.
719 3126 806 3202 Nam,
830 3124 854 3187 si
879 3124 962 3207 plura
982 3126 1013 3188 in
1035 3123 1082 3187 his
1105 3123 1231 3206 antiquis
1258 3122 1396 3205 operibus

310 3224 407 3274 essem
424 3230 498 3294 qnae
517 3227 587 3277 tunc
604 3212 736 3277 sabulosa
754 3225 783 3276 et
803 3232 893 3296 praua
913 3212 1123 3284 iudicarentur,
1141 3210 1177 3272 ad
1191 3209 1398 3274 stimulandum

311 3299 390 3360 docti
401 3313 507 3380 poetae
520 3301 669 3381 ingenium
682 3301 867 3382 potissimum
883 3315 950 3382 apta
964 3311 1056 3375 erant,
1071 3301 1122 3381 qui
1135 3297 1191 3360 alia
1199 3299 1331 3374 reiteret,
1342 3297 1398 3358 alia

310 3405 381 3448 nero
402 3386 519 3449 eliceret
538 3399 625 3470 atque
645 3385 681 3448 ad
703 3406 789 3450 usum
809 3406 896 3450 suum
911 3400 1049 3463 uerteret,
1068 3387 1219 3448 materiam
1238 3383 1399 3448 renouandi

310 3472 482 3557 coloresque
494 3473 622 3538 uenandi
634 3495 731 3539 causa.
746 3474 805 3539 Sed
814 3474 1015 3539 Valeriustam
1025 3493 1127 3557 parum
1137 3473 1167 3535 in
1177 3472 1236 3536 hoc
1245 3472 1398 3557 religiosus

311 3574 341 3623 et
353 3560 475 3645 diligens
486 3575 548 3625 erat
560 3575 594 3625 ut
606 3582 674 3626 eum
688 3563 768 3627 nullo
783 3563 875 3627 modo
889 3564 1048 3646 paeniteret
1061 3561 1346 3645 Apolloniiuestigia
1356 3561 1398 3624 in·

310 3649 411 3713 sistere
424 3663 454 3714 et
467 3668 485 3712 e
497 3651 594 3713 Ponto
606 3652 791 3735 Argonautas
804 3652 960 3736 depingere
974 3651 1005 3713 in
1019 3651 1151 3715 Histrum
1165 3651 1315 3725 intrantes,
1330 3647 1399 3712 inde
1462 3704 1467 3715 .

336 3907 546 3964 r.rm.,tv,rrr.
904 3906 1398 3972 r.n»ouosanrttt.nrn1..spr.p...,

336 3975 661 4031 smirnamum,
671 3987 718 4033 ις’.
824 3975 826 3980 “
877 3957 928 4017 115·
1239 3989 1241 3994 ·

337 4045 597 4103 avenniacensi,
606 4046 688 4103 'Vri‘-
902 4027 1285 4084 ‘Ml-Mllvtolvdi’·

318 4109 521 4212 '‘M'Q
530 4117 720 4172 nummu.
902 4115 923 4160 7·
933 4101 968 4184 ¹*¹

401 4213 539 4266 .t,
