2996 4792
736 291 952 356 ,44-

172 457 179 464 -
297 417 458 480 commista
470 417 551 501 plura
563 419 684 480 aduersa
697 417 892 502 praesagiens,
906 417 964 478 iam
977 436 994 479 e
1008 415 1171 499 longinquo
1180 416 1297 480 horrida
1306 435 1391 500 spec·

287 499 389 567 ‘tacula
405 524 521 568 cernere
534 506 660 581 uidetur,
672 504 709 566 ad
723 524 798 589 quae
812 503 942 567 nondum
958 517 1086 567 mentem
1100 518 1320 587 composuerat.

409 775 411 782 Ι
452 759 487 816 οι
507 732 558 814 di.
569 689 682 790 ..blare
698 687 823 815 ¹221de
836 688 940 814 a¹dlture
952 686 1069 755 labores,

423 865 426 869 .
450 775 521 886 rii
535 775 697 896 birth
712 774 1197 903 trittiutttmttiff

419 919 425 932 ·
451 902 521 956 Vota
533 898 592 956 aliis
606 898 727 956 iacienda
740 899 813 957 Deis.
831 901 859 957 Sl
874 898 927 956 lata
941 901 1069 958 reducunt

451 969 491 1025 Te
505 970 583 1037 mihi,
597 973 619 1024 sl
632 969 741 1042 trepidis
753 967 880 1042 placabile
894 971 1023 1026 matribus
1034 987 1144 1044 aequor,

398 1067 401 1074 v
450 1039 562 1095 Possum
576 1039 700 1112 equidem
715 1039 854 1114 lucemque
868 1042 921 1112 pati
935 1039 1101 1114 longumque
1114 1041 1257 1097 timorem¹
1261 1080 1315 1098 .....

331 1231 435 1314 Neque
456 1228 587 1292 inanibus
608 1231 687 1292 uotis
708 1229 858 1294 Alcimede
881 1231 1011 1314 queritur
1033 1229 1115 1314 quod
1138 1249 1199 1293 non
1218 1242 1304 1293 antea
1324 1229 1385 1293 lato

238 1385 243 1397 ,
292 1331 375 1401 rapta
392 1318 442 1393 sit,
460 1318 511 1380 sed
528 1332 656 1381 mortem
674 1319 767 1401 ipsam
780 1332 845 1382 orat
857 1332 890 1381 ut
904 1331 1087 1402 praesentem
1100 1317 1149 1382 nel
1162 1319 1223 1382 cito
1237 1315 1385 1396 futuram

293 1424 354 1469 non
367 1425 435 1468 sane
448 1425 568 1470 omnem
580 1425 664 1490 spem
677 1408 785 1483 amisit,
799 1406 851 1470 sed
865 1408 971 1471 timore
986 1408 1177 1471 uehementer
1189 1405 1303 1472 turbata
1316 1403 1387 1470 iaci·

291 1493 349 1556 iius
361 1495 453 1556 tristia
472 1513 561 1578 quarn
581 1493 675 1558 felicia
693 1497 793 1558 animo
814 1496 953 1579 concipit.
975 1497 1081 1559 Nonne
1101 1496 1160 1560 hoc
1171 1509 1289 1559 tenerae
1302 1494 1388 1558 matri

292 1580 428 1646 ultimum
447 1583 502 1647 erit
521 1581 643 1661 malum,
656 1583 776 1648 absente
794 1583 856 1648 filio
877 1585 954 1647 mori
971 1584 1019 1649 uel
1033 1583 1127 1650 lilium
1139 1585 1171 1648 in
1183 1583 1388 1649 remotissimis

293 1671 352 1734 oris
362 1672 482 1757 periisse
495 1673 615 1736 audire?

327 1870 355 1913 n.
372 1810 432 1928 ped.
446 1855 495 1914 sin
508 1853 580 1911 aliud
596 1857 712 1912 Fortuna
726 1868 809 1929 parat,
826 1857 953 1912 mirerere
967 1867 1117 1929 puetarum,
1200 1905 1205 1912 .

447 1927 521 1984 iton
534 1926 615 1995 bona,
630 1925 694 1984 dum
708 1937 796 1983 ments
810 1937 849 1984 eat
860 1941 910 1982 nec
924 1923 1011 1983 adhrm
1024 1923 1105 1984 dolor
1105 1969 1160 1986 .....

292 2119 407 2182 Etiam
426 2120 457 2182 in
477 2119 627 2202 amplexus
645 2121 756 2183 acriore
773 2121 897 2202 impetu,
917 2137 1005 2203 quam
1027 2117 1243 2204 significauerat
1261 2117 1385 2202 Apollo-

291 2209 369 2282 nius,
382 2207 533 2291 confugit3
546 2228 615 2271 nam
629 2223 697 2272 sunt
710 2209 751 2271 illi
765 2207 917 2291 amplexus
935 2207 986 2292 qui
1004 2207 1072 2270 huic
1091 2208 1177 2271 matri
1195 2206 1298 2271 ultima
1319 2227 1384 2269 mo-

220 2378 221 2381 *
291 2296 390 2358 rieutis
403 2296 545 2380 cuiusque
559 2297 668 2360 solacia
681 2296 844 2360 uideantur.

326 2496 352 2537 a.
368 2494 428 2553 333.
443 2479 495 2548 Da,
506 2495 614 2605 precor,
629 2477 775 2566 amplpsus,
791 2463 955 2552 haesuraque
968 2478 1049 2536 uerba
1063 2477 1197 2551 relinque

318 2579 321 2586 ν
372 2622 376 2634 1
446 2550 514 2607 hun
532 2567 564 2606 us
577 2562 603 2605 et
616 2549 688 2606 dulce
702 2567 757 2606 ram
769 2565 840 2606 nune
854 2565 946 2622 preme
959 2547 1063 2605 lumina
1077 2549 1178 2607 mans.

329 2731 388 2796 Sed
406 2732 544 2816 singulari
563 2747 626 2796 arte
641 2731 828 2796 muliebribus
843 2733 978 2796 lamentis
991 2735 1130 2810 Aesonis,
1143 2731 1297 2795 fortissimi
1310 2733 1394 2796 senis

291 2819 381 2883 nerba
401 2821 561 2904 opposuit;
582 2821 688 2903 inquo
703 2819 775 2883 nihil
792 2819 951 2904 Apollonio
966 2820 1052 2884 debet
1065 2821 1116 2904 qui
1130 2820 1209 2883 bunc
1222 2839 1344 2904 aegmm
1358 2833 1389 2882 et

261 2945 264 2950 ·
291 2921 387 2972 aetate
403 2908 574 2974 coniectum
591 2906 729 2992 neglexit.
743 2909 854 2972 Aesoni
867 2922 966 2973 autem
979 2928 1041 2972 non
1054 2907 1156 2992 lugere
1169 2907 1322 2986 conuenit,
1337 2906 1389 2971 sed

290 2997 474 3080 praeteritam
486 3017 568 3060 suam
582 2995 710 3073 laudem,
725 3017 786 3060 non
800 2998 862 3060 sinc
880 2997 1005 3081 quadam
1023 2997 1118 3059 animi
1121 2994 1297 3078 uoluptate,
1313 2993 1389 3058 deai-

91 3107 104 3134 ·
227 3124 229 3129 -
292 3082 373 3147 derio
386 3084 472 3147 sinam
491 3085 624 3167 perinsus
643 3098 787 3148 memorat
803 3098 834 3148 et
850 3085 961 3169 ingenti
981 3104 1033 3169 spe
1051 3084 1166 3147 innixus
1180 3081 1233 3146 filii
1247 3084 1388 3146 uinutem

291 3170 393 3235 faustis
405 3171 501 3235 uerbis
514 3171 699 3236 confirmat⁸.

743 3381 821 3399 .....
828 3337 888 3395 Osi
902 3339 969 3396 mihi
983 3341 1101 3412 sanguis,

446 3410 570 3475 Quantus
583 3421 648 3478 erat,
662 3427 725 3466 cum
740 3407 898 3484 signiferum
911 3421 1011 3466 cratera
1024 3411 1174 3465 minantem

446 3481 510 3536 Non
523 3479 625 3536 lertiore
638 3479 755 3537 Pholum
767 3495 864 3536 manus
876 3481 942 3537 haec
956 3479 1122 3553 compescuit
1134 3495 1219 3547 auroa

405 3552 406 3555 ’
448 3550 554 3607 Primus
566 3551 704 3607 inseratis
718 3555 866 3624 posuissem
881 3551 1013 3624 puppibus
1026 3567 1101 3606 arma
1103 3591 1158 3610 .....

453 3661 529 3680 .....
544 3619 622 3676 Nurtc
636 3619 682 3676 ilie
695 3621 751 3677 dies
761 3620 820 3692 (det
833 3621 952 3694 iuppiter
963 3621 1036 3692 oro).

446 3688 496 3746 lile
508 3705 597 3762 supet,
612 3705 667 3762 quo
678 3700 706 3746 te
719 3690 838 3764 Scythici
852 3695 975 3764 regisque
988 3694 1122 3763 marisque
1167 3703 1169 3709 “

445 3761 583 3816 Victorem
640 3775 674 3815 ue
688 3775 797 3823 umeros
810 3761 947 3816 ardentem
960 3759 1059 3816 uellere
1075 3770 1174 3831 rapto·
1205 3791 1207 3798 =
1246 3767 1285 3823 χ’

334 3861 348 3882 ».
446 3828 587 3901 Accipiam
693 3847 746 3904 que
758 3842 819 3886 tuae
833 3847 894 3886 anca
906 3829 973 3886 lacta
987 3830 1120 3887 iuuentae.
1310 3855 1312 3858 ·
1391 3832 1394 3838 '

319 4037 338 4072 r.
348 4028 402 4071 Vas..
411 3983 633 4084 mgb-..msam
672 4083 674 4086 Ι

317 4095 402 4141 ssat.
411 4094 529 4152 Arna-»12
539 4105 575 4150 itt
586 4108 631 4152 'ii-
640 4113 667 4130 -·
675 4093 714 4142 Cl.
724 4098 803 4142 hrota.
812 4096 903 4153 Arpos..
912 4095 931 4148 l,
940 4096 1005 4151 adp...
1078 4087 1082 4096 ’

616 4165 1067 4279 cxciiiim-itm&
