2970 4802
17 3915 21 4086 i

17 4131 23 4302 l

17 4307 24 4412 l

693 313 911 382 -‚2..

256 440 447 504 admiratione
461 441 656 524 conspiciebat
670 443 789 527 eiusque
804 443 916 506 animus
929 439 1042 526 pudore
1055 455 1085 504 et
1097 443 1202 505 timore
1220 455 1250 505 et
1267 439 1345 504 dulei

257 531 424 611 praesertim
438 547 537 590 amore
549 528 781 611 perfundebatur.
792 532 893 614 Neque
902 551 973 594 uero
983 528 1031 592 ille
1042 529 1146 592 multas
1156 549 1256 613 preces
1265 528 1345 591 adhi-

257 617 317 693 bet,
331 636 427 701 neqne
439 615 577 680 humilius
592 617 711 681 Medeae
729 619 882 702 supplicat,
898 639 965 682 nant
984 616 1139 682 artificiosa
1158 616 1282 703 fictaque
1302 617 1347 679 ui·
1467 637 1468 690 Τ

257 704 362 767 dentur
373 705 422 768 illa
433 705 520 767 uerba
535 705 639 789 quibus
652 726 720 769 eunt
728 709 826 769 Venus
839 726 871 769 se
881 706 1103 790 compellauisse
1112 706 1256 784 declarat;
1270 722 1345 789 quae

255 793 731 877 qnidemuirginerntantummodo
741 813 930 858 commouere
940 807 1073 870 conatur,
1082 808 1112 858 et
1120 795 1182 858 ueri
1194 793 1289 857 simile
1299 807 1345 856 est
1467 841 1468 858 ,

256 884 349 944 Deam
361 880 409 944 bic
423 881 572 943 mendacia
584 899 755 959 conserere;
769 884 920 946 nonenim
934 884 959 946 is
974 895 1017 945 est
1029 881 1135 946 Valerii
1149 885 1233 946 lason
1247 883 1297 968 qui
1310 881 1346 944 ad
1467 883 1468 886 ’

256 969 388 1032 ultimam
400 969 630 1051 desperationem
645 969 791 1053 redigatur
804 986 834 1034 et
848 973 878 1034 in
891 970 1022 1054 gladium
1039 990 1124 1034 ruere
1143 973 1181 1035 sit
1198 980 1343 1055 paratus¹.

258 1059 295 1120 At
307 1071 409 1122 contra
421 1059 534 1140 saepius
548 1077 642 1142 nsque
655 1058 692 1122 ad
705 1061 897 1123 temeritatem
911 1058 1082 1142 prolabitur,
1099 1072 1132 1122 ut
1145 1060 1193 1123 cui
1205 1059 1295 1122 nimia
1309 1058 1347 1122 sit

256 1147 397 1228 cupiditas
417 1147 494 1208 uires
516 1165 583 1207 snas
600 1147 771 1230 explicandi.
792 1149 840 1210 Sic
860 1167 1036 1232 quamquam
1057 1168 1074 1209 a
1095 1146 1198 1210 Medea
1217 1148 1346 1210 monitus

257 1247 300 1293 est
319 1246 352 1294 ut
371 1235 401 1294 in
423 1233 535 1295 medios
554 1233 711 1316 Gigantum
732 1234 849 1297 ordines
871 1234 984 1318 galeam
1002 1235 1132 1310 iniceret,
1149 1253 1215 1296 cum
1234 1255 1251 1297 e
1272 1247 1348 1295 terra
1426 1306 1429 1314 Ι

180 1333 183 1340 ’
257 1321 335 1382 exire
352 1320 523 1402 inciperent,
542 1320 572 1382 in
589 1320 702 1404 proelio
721 1335 818 1385 tamen
836 1321 900 1406 ipso
920 1321 1099 1405 aliquantum
1115 1321 1226 1397 haeret,
1242 1322 1348 1404 quippe

150 1463 155 1470 .
205 1435 207 1439 ·
256 1409 306 1489 qui
327 1406 407 1470 solus
425 1407 527 1471 hostes
540 1409 643 1471 istose
660 1409 727 1471 solo
745 1423 830 1472 natos
848 1411 967 1474 caedere
986 1429 1072 1493 quam
1092 1409 1142 1472 tali
1160 1409 1283 1472 artificio
1304 1408 1347 1470 uti

183 1529 186 1533 ⁴
210 1572 215 1577 Δ
256 1496 346 1574 malit,
360 1515 456 1580 neque
469 1497 504 1558 ad
517 1496 592 1559 banc
604 1497 746 1568 fraudem,
761 1498 817 1560 nisi
830 1499 994 1561 necessitati
1007 1497 1112 1561 cedens
1126 1496 1288 1579 confugit².
1305 1496 1347 1557 lta

256 1583 352 1662 lason,
368 1585 430 1648 siue
443 1586 593 1668 nauigium
611 1585 702 1660 ducit,
717 1586 779 1649 siue
796 1583 871 1650 bella
887 1589 975 1670 gerit,
991 1587 1134 1670 insignem
1149 1587 1211 1670 ipse
1225 1584 1347 1670 gloriam

255 1673 431 1756 adsequitur.
448 1673 583 1756 Undique
595 1674 754 1758 praeclaras
769 1695 814 1738 res
826 1695 858 1739 se
870 1689 1006 1760 agentem
1020 1689 1156 1759 praestat.
1169 1676 1279 1738 Primae
1293 1674 1347 1756 igi·
1467 1689 1468 1708 ³

256 1775 303 1824 mr
315 1764 342 1825 ei
358 1779 446 1846 poeta
464 1761 566 1826 detulit
584 1777 700 1847 partes;
714 1765 743 1826 in
762 1765 820 1828 boc
836 1757 1008 1849 'praesertim
1026 1763 1187 1828 laudandus
1206 1761 1348 1847 estquod
1374 1805 1392 1830 «ι
1467 1769 1468 1804 ³

187 1874 190 1878 ·
256 1870 317 1912 non
329 1851 426 1915 bernis
439 1871 593 1934 personam
608 1850 724 1935 qualem
735 1852 912 1934 ¹Apollonius
927 1852 1082 1916 reddiderit
1099 1853 1150 1916 sed
1167 1852 1291 1916 feliciter
1305 1871 1350 1913 re·

255 1951 421 2088 practauent
433 1953 463 2004 et
474 1959 584 2002 nouam
597 1941 661 2003 eius
673 1940 818 2024 quandam
833 1940 1058 2025 splendidiorem
1077 1943 1235 2026 imaginem
1248 1953 1350 2024 protu-

266 2028 331 2090 erit.

296 2117 415 2180 Medeae
435 2137 554 2202 quoque
574 2117 722 2200 ingenium
742 2131 772 2180 et
792 2137 891 2182 mores
913 2119 954 2182 ita
974 2119 1110 2201 exprimit
1131 2132 1164 2181 ut
1186 2115 1263 2200 apud
1284 2135 1349 2178 eam

257 2224 348 2287 panea
359 2208 482 2290 reperias
497 2227 569 2290 quae
583 2227 619 2268 ex
633 2205 792 2289 Apollonio
805 2205 977 2290 deprompta
986 2207 1148 2271 uideantur.
1160 2205 1350 2287 Longeenim

257 2294 342 2356 aliam
360 2295 472 2377 puellae
489 2295 564 2358 illius
582 2295 710 2378 speciem
729 2295 851 2371 effinxit,
872 2297 979 2358 totiens
996 2317 1014 2358 a
1033 2297 1128 2378 poetis
1147 2309 1176 2358 et
1193 2293 1350 2357 artificibus

257 2381 434 2463 celebratae3
448 2403 516 2446 nam
529 2382 589 2446 duo
603 2385 712 2446 suntin
730 2382 831 2466 primis
849 2383 971 2467 disparia
991 2404 1064 2470 quae
1083 2383 1223 2468 depinxit,
1239 2382 1350 2445 scilieet

257 2472 376 2554 uirginis
388 2472 481 2555 pudor
495 2486 524 2535 et
537 2474 650 2555 magica
664 2492 718 2534 ars.
734 2473 810 2536 Sane
824 2472 995 2556 Apollonius
1013 2474 1071 2534 iam
1090 2472 1168 2536 illam
1181 2473 1347 2548 induxerat,

256 2563 381 2624 Hecates
394 2560 551 2624 sacerdotis
569 2563 634 2624 uice
651 2560 822 2644 fungentem
836 2575 866 2624 et
879 2560 1085 2644 deuotionibus
1100 2561 1199 2624 omnia
1212 2561 1347 2644 prodigia

257 2665 448 2714 exercentem.
464 2651 568 2713 Nonne
583 2652 659 2711 Hera
673 2649 853 2733 Aphroditae
868 2653 979 2714 nuntiat
992 2652 1100 2715 Aeetae
1113 2649 1202 2711 filiam
1217 2649 1352 2712 tumnini-

255 2737 310 2800 bus
322 2739 417 2802 Iasoni
430 2757 549 2802 aureum
564 2737 656 2801 uellus
670 2739 839 2802 tradituram
854 2753 884 2801 et
897 2739 998 2802 loleon
1011 2738 1232 2801 reducturam³?
1243 2736 1351 2799 Terro-

256 2845 317 2887 rem
331 2847 449 2911 quoque
460 2826 595 2889 omnibus
609 2845 712 2889 ateana
726 2841 869 2910 potestate
883 2829 1016 2902 incutit⁴,
1028 2827 1148 2910 eiusque
1162 2825 1217 2907 ipsi
1232 2825 1351 2908 propin·

257 2915 318 2995 qui,
334 2933 401 2976 cum
414 2935 479 2976 eam
491 2914 678 2996 compellant,
687 2915 787 2976 nescio
803 2934 890 2998 quam
902 2915 1105 2989 reuerentiam,
1116 2913 1229 2975 incerto
1242 2912 1351 2973 timore

258 3001 380 3063 mixtam
400 3003 547 3064 exhibent.
568 3001 625 3064 Sed
645 3002 774 3064 Graecus
794 3017 883 3085 poeta
903 3001 996 3065 noluit
1017 3003 1047 3064 in
1067 3001 1112 3064 bis
1134 3001 1218 3063 rebus
1241 2999 1350 3061 diutius

257 3091 454 3168 commorari;
468 3110 535 3152 nam
550 3090 599 3152 ubi
613 3091 737 3174 primum
753 3092 826 3154 Eros
844 3091 874 3153 in
892 3106 1023 3154 tenerum
1044 3089 1163 3153 Medeae
1182 3103 1286 3172 pectus
1306 3106 1352 3148 sa·
1399 3137 1403 3147 .

181 3179 184 3184 ’
258 3180 362 3260 gittam
378 3179 482 3255 infixit,
497 3181 605 3241 Aeetae
624 3178 683 3241 filia
700 3181 906 3243 tantummodo
927 3201 983 3243 una
1004 3180 1038 3242 fit
1057 3198 1092 3242 ex
1115 3179 1159 3240 bis
1180 3172 1350 3239 mortalibus

258 3265 372 3349 puellis,
386 3285 458 3349 quas
470 3286 560 3331 suane
574 3267 747 3332 desiderium
756 3269 852 3331 turbat
861 3281 891 3332 et
899 3268 935 3332 ad
944 3267 1122 3349 uoluptates,
1132 3267 1226 3330 immo
1236 3265 1349 3328 tristem

112 3387 115 3396 =
156 3372 158 3376 ·
258 3353 405 3417 fortunam
419 3368 449 3419 et
462 3355 557 3420 scelus
570 3357 664 3441 ipsum
683 3356 806 3440 impellit
824 3377 916 3421 amor.
931 3358 998 3421 Acri
1012 3356 1063 3442 illo
1077 3356 1166 3419 animi
1180 3353 1286 3418 affectu
1301 3373 1350 3416 su·

258 3442 320 3507 bito
334 3457 482 3522 mouetur,
497 3447 579 3528 qnasi
592 3446 757 3509 uehementi
771 3447 831 3510 ictu
843 3445 1031 3510 labefactetur
1042 3469 1051 3523 ;
1064 3445 1190 3508 fremens
1209 3443 1287 3506 enim
1306 3461 1351 3505 ar-

259 3530 394 3596 dentibus
418 3531 511 3598 oculis
537 3547 766 3618 praetereuntem
794 3536 928 3599 iasonem
955 3534 1145 3618 conspicit&
1169 3551 1230 3596 non
1253 3528 1351 3594 satiari

257 3635 357 3705 potest
382 3622 515 3686 iasonem
536 3621 686 3708 sequendo
709 3637 740 3688 et
760 3623 946 3700 admirando,
968 3637 997 3686 et
1019 3642 1088 3686 cum
1112 3641 1148 3686 ex
1172 3621 1234 3684 eius
1257 3618 1351 3685 oculis

257 3709 371 3796 elapsus
383 3724 429 3775 est
444 3709 544 3788 heros,
558 3731 640 3776 mens
658 3713 721 3798 ipsa
738 3711 936 3778 deficientibus
954 3711 1086 3778 sensibus
1103 3711 1275 3782 succedens,
1288 3705 1352 3772 dul-

170 3831 171 3835 *
257 3801 372 3866 tissima
386 3799 513 3886 imagine
524 3800 659 3886 pascitur.
675 3802 774 3867 Nescit
787 3817 886 3867 tamen
899 3802 993 3868 adhoc
1011 3822 1069 3887 qua
1086 3799 1221 3884 cupidine
1238 3797 1349 3876 ardeat,

257 3909 438 3976 nequeuero
452 3891 608 3979 quiequam
620 3889 848 3982 aliudobseruat
860 3906 890 3980 et
904 3893 934 3955 in
951 3890 1012 3956 boc
1030 3891 1097 3976 solo
1111 3887 1237 3976 'libenter
1252 3905 1349 3950 mora·

287 4063 673 4160 ..vabm..vramea.‚
854 4093 1033 4149 abalim·
1191 4139 1285 4187 sarna

285 4187 309 4222 ⁸·
317 4161 465 4230 ¹²·”l'fll
474 4187 520 4232 Ἢ·
628 4227 637 4257 a
855 4201 1035 4255 baalmeo-
1043 4148 1165 4253 ..iiiiii
1250 4199 1327 4252 uisu·
1415 4249 1417 4255 .

287 4252 585 4311 tffllfwoemsif·
706 4275 709 4282 ’
855 4267 1079 4328 ς.1».,111,ι1ςιῃ.
1181 4291 1213 4306 ι,
