2970 4802
708 319 926 388 -‚,..

275 453 351 515 tiore
367 471 467 515 amore
485 449 707 534 respondentem
725 462 756 511 et
773 463 885 512 teneras
904 465 988 510 curas
1002 443 1094 528 magis
1107 445 1137 506 in
1151 441 1213 506 dies
1225 443 1363 507 exhiben-

274 553 345 602 tem.
369 541 442 600 Nam
464 557 532 600 eum
554 539 681 620 primum
703 537 810 599 inscius
831 554 848 597 a
871 534 966 616 puella
989 533 1061 615 petit
1083 545 1117 595 nt
1138 529 1193 594 sibi
1214 545 1362 614 paternam

274 627 383 709 regiam
394 626 584 699 demonstret,
598 625 716 706 ignotae
730 623 849 706 anginis
861 619 1113 706 pulchritudinem
1120 619 1217 683 sentit.

452 869 502 927 nte
513 879 554 926 nr
566 873 652 944 tgnon
664 839 750 926 uoc‘tis'
759 797 850 940 ninii
859 795 954 930 pararent
961 797 1062 921 popm

454 939 573 1010 Defixns,
586 943 716 1015 sentitque
728 938 824 995 donem
837 937 1027 1010 dominamque
1039 940 1184 994 ratetuae¹.

240 1159 243 1166 .
274 1109 431 1190 Postquam
456 1121 572 1182 autem,
599 1120 718 1170 auctore
744 1107 888 1167 Amorum
915 1105 991 1180 Dea,
1018 1101 1134 1164 Aeetias
1161 1100 1257 1163 Inoni
1283 1119 1364 1163 sacra

273 1195 403 1278 grannius
423 1207 453 1258 et
474 1194 598 1258 salutent
618 1194 772 1278 praestitit,
793 1192 842 1256 hic
861 1190 981 1254 iuuenili
1001 1189 1105 1254 ardore
1127 1201 1241 1272 eaptus,
1258 1185 1364 1251 duleis·

273 1284 353 1348 simis
372 1282 468 1348 uerbis
488 1287 644 1348 acerrimos
666 1282 788 1348 affectus
810 1282 903 1367 aperit
923 1295 953 1345 et
972 1281 1080 1345 Aeetae
1093 1277 1182 1342 tiliam
1196 1291 1259 1342 orat
1272 1291 1306 1342 ut
1319 1297 1364 1342 se·

273 1393 341 1438 cunt
353 1374 504 1438 Graeciam
517 1388 614 1458 petere
628 1373 709 1451 uelit,
724 1372 858 1456 coniugis
870 1390 979 1435 nomen
992 1371 1107 1455 saepius
1115 1367 1251 1433 referens.
1263 1370 1362 1444 Quam

272 1463 359 1527 distat
371 1461 408 1526 ab
422 1462 474 1526 iiio
488 1465 601 1540 iasone,
616 1463 665 1526 eui
680 1481 715 1526 ne
729 1463 758 1526 in
772 1461 822 1526 tali
835 1480 867 1525 re
880 1461 997 1546 quidem
1006 1459 1158 1544 prudentia
1166 1472 1196 1522 et
1204 1469 1363 1542 temperata

272 1551 392 1616 consilia
412 1552 541 1630 deerant,
563 1571 616 1616 nec
636 1554 791 1637 quicquam
804 1547 1032 1638 promittendum
1045 1549 1095 1612 sed
1109 1547 1236 1613 fouenda
1249 1559 1362 1611 tantum
1394 1615 1396 1620 ,

271 1639 383 1724 puellae
396 1660 462 1724 spes
476 1641 644 1704 uidebatur!

374 1808 461 1878 Tune,
476 1812 522 1878 ait,
536 1811 689 1868 Aesnnlden
702 1813 844 1885 quiequam
856 1821 883 1866 te
897 1805 966 1865 uelle
980 1805 1071 1864 reiicta

375 1881 508 1968 Cadit
521 1881 574 1986 *³¹¹²
587 1883 711 2008 ritu
720 1880 1073 2009 mittimur

374 1954 421 2084 ,ΜΞ
430 1965 769 2098 poiilis'prieritaiielsasngrunoces
782 1965 885 2093 ettqiam,
901 2039 1005 2097 pretor,
1021 1997 1118 2090 annue,
1134 2023 1275 2080 coniunx².

271 2191 320 2253 Sic
333 2191 411 2254 dicas
424 2192 559 2255 Iasonem
572 2193 716 2255 interdum
729 2192 866 2255 amatoris
880 2191 978 2276 potius
996 2209 1085 2276 quam
1098 2188 1180 2253 ducis
1199 2208 1285 2273 agere
1298 2207 1363 2271 par·

271 2291 328 2356 tes,
338 2281 477 2364 quoniam
490 2294 523 2344 ut
535 2281 641 2345 amoris
656 2281 762 2366 pignus
775 2279 898 2364 gloriam
913 2298 1007 2356 suam,
1021 2279 1113 2342 immo
1128 2279 1230 2353 uitam,
1241 2277 1360 2340 Medeae

273 2367 386 2434 tradere
409 2389 469 2434 nnn
490 2368 612 2434 dubitat
631 2371 732 2455 Neque
751 2369 845 2434 multo
866 2383 934 2454 post
954 2368 984 2431 in
1003 2367 1097 2432 alacre
1118 2380 1147 2431 et
1166 2387 1236 2430 uere
1256 2368 1363 2431 iuuene

271 2458 394 2540 dignum
411 2457 551 2544 gaudium
568 2458 736 2535 effunditur,
756 2479 824 2522 cum
842 2473 909 2521 ante
927 2459 1051 2520 Hecates
1069 2454 1212 2539 tempium
1229 2455 1362 2519 Medeam

262 2547 379 2630 ¹ext-‚ipit
391 2567 423 2611 se
437 2549 529 2630 ipsam
543 2549 637 2611 amico
651 2546 833 2612 retentent
850 2549 929 2610 Haec
945 2565 1013 2610 uere
1026 2565 1106 2609 noua
1119 2557 1219 2608 noster
1230 2557 1320 2628 poeta
1332 2543 1362 2606 in

148 2641 157 2668 ⁸
271 2633 349 2698 illam
364 2656 519 2719 personam
532 2637 660 2701 inseruit.

309 2723 373 2786 Alia
393 2744 464 2788 uero
484 2723 619 2788 libentius
638 2725 805 2807 explicauit,
819 2723 929 2788 seilicet
941 2725 1052 2787 Iasonis
1066 2723 1248 2807 prudentiam
1261 2735 1291 2784 et
1303 2720 1362 2783 for·

271 2811 422 2874 titudinem
435 2834 444 2890 3
459 2812 538 2896 quod
551 2811 587 2875 ab
600 2812 759 2894 Apollonio
773 2832 866 2896 prope
883 2811 1049 2895 neglectum
1067 2811 1161 2874 suerat
1179 2823 1209 2873 et
1225 2809 1295 2873 huic
1309 2829 1363 2891 op-

271 2902 342 2962 time
355 2901 452 2979 cessit,
468 2903 583 2984 copiam
597 2902 646 2965 tali
661 2915 764 2986 poetae
778 2900 917 2985 praebens
930 2901 1070 2965 acerrima
1086 2914 1116 2963 et
1133 2898 1362 2984 splendidissima

272 3009 403 3073 quaeque
415 2991 568 3076 pangendi.
579 2989 631 3055 Sic
644 2990 695 3054 ubi
708 3013 725 3054 a
739 3011 828 3054 saeuo
842 2989 920 3054 Pelia
933 2991 968 3052 ad
981 2989 1139 3076 longinqua
1153 2989 1239 3052 litora
1251 2987 1364 3070 rapien-

272 3076 400 3161 dnmque
413 3099 532 3141 aureum
545 3079 639 3142 uellus
656 3081 791 3153 mittitur,
805 3081 891 3141 iason
908 3093 1019 3142 secreta
1036 3079 1150 3163 tyranni
1168 3076 1362 3140 consiliatam

272 3166 386 3248 penitus
400 3166 541 3250 inteliegit
553 3181 586 3231 ut
604 3167 657 3230 sibi
676 3167 762 3230 huius
780 3165 871 3230 filium
889 3179 1038 3252 tamquam
1057 3163 1187 3230 obsident
1206 3165 1362 3248 adiungere

271 3255 409 3338 cogitem.
426 3255 536 3320 Deinde
550 3257 682 3319 omnium
697 3255 804 3319 horum
817 3274 962 3319 consensu
977 3274 1053 3340 quos
1066 3256 1164 3319 inclita
1182 3255 1242 3318 eius
1253 3253 1318 3315 laus
1331 3251 1362 3313 in

271 3362 363 3406 unum
384 3342 483 3408 locum
503 3344 539 3407 ad
560 3345 755 3428 peragendum
780 3345 930 3427 nauigium
955 3343 1141 3430 glomerauit,
1166 3362 1235 3408 uere
1256 3340 1362 3426 dignus

242 3469 246 3476 -
272 3431 427 3495 existimari
444 3430 559 3497 uidetur
576 3434 626 3518 qui
643 3447 689 3497 tot
708 3449 738 3498 et
756 3434 842 3496 tantis
860 3433 998 3498 heroibus
1017 3435 1143 3518 praesit;
1158 3453 1253 3516 neque
1272 3431 1299 3493 ei
1318 3442 1363 3492 est

270 3520 704 3675 ttiti‘tihiiitiit
717 3519 1361 3676 tiit,tii‘iititiiiiit‘iii

271 3697 336 3778 ipso
359 3718 456 3762 rerum
477 3700 561 3764 initio
582 3701 667 3764 iason
686 3633 786 3764 nimmia
806 3699 889 3763 solus
911 3631 985 3785 regit
1005 3712 1034 3762 et
1056 3713 1206 3783 comparat
1229 3711 1259 3761 et
1280 3714 1362 3760 sacra

271 3783 351 3861 iacit,
366 3787 428 3869 ipse
441 3807 529 3850 manu
542 3788 643 3852 oleum
655 3788 685 3850 in
703 3806 784 3851 arant
800 3784 962 3852 effundens.
978 3788 1057 3852 Tum
1074 3787 1150 3851 iliius
1169 3806 1252 3850 mens
1269 3784 1361 3848 laudis

270 3891 372 3938 amore
384 3887 478 3939 tumet
490 3887 521 3938 et
532 3894 584 3959 per
600 3875 690 3939 maria
707 3872 835 3940 euniat‘.
850 3875 881 3940 si
899 3893 970 3939 uero
988 3875 1070 3940 breui
1087 3873 1362 3960 temporaLemniis

774 4075 777 4082 ’
867 4098 887 4139 e
899 4086 941 4138 b..
951 4085 969 4138 1.
978 4085 1012 4140 6⁴.
1024 4087 1117 4142 rit-¹⁸4

841 4156 946 4267 ‘’pgipe
955 4155 1028 4200 tutan
1038 4155 1151 4200 amunte
1159 4157 1219 4200 rasit.
1232 4175 1261 4190 ι-
1273 4154 1309 4202 ci.
1320 4154 1360 4210 tit,
