2970 4802
570 313 784 381 ..9,-

133 439 273 503 illecebris
285 441 423 518 irretitur,
438 440 608 526 propediem
622 439 739 504 uincula
752 441 808 504 ista
820 438 911 504 soluit
923 453 954 502 et
967 437 1026 502 lata
1039 453 1156 504 secutus
1170 441 1231 503 iter

133 527 281 610 inceptum
294 530 415 612 peragit.
431 530 569 592 Ceterum
583 529 693 592 iudices
707 527 813 591 ducem
826 527 907 590 illum
927 527 963 590 ad
978 547 1123 590 summam
1136 528 1232 591 uirtu-

134 626 194 675 tem
207 611 272 696 plus
283 632 379 697 aequo
393 615 529 678 accedere
543 628 572 678 et
584 615 673 676 rarius
687 613 717 676 in
730 634 763 676 se
776 633 837 676 noo
850 612 948 676 solum
957 614 1064 676 uitiosa
1077 614 1232 676 sedetiam

133 700 274 763 mendosa
287 700 429 784 quaedam
441 703 581 786 accipere.
591 702 667 764 Sane
677 720 756 764 mors
766 701 879 784 Cyzici,
889 714 922 764 ut
932 699 1067 784 exemplo
1078 714 1155 778 utar,
1164 701 1232 764 eiua

134 787 264 850 animum
277 786 427 872 paululum
440 789 557 874 frangit,
572 789 623 853 scd
636 789 676 852 ita
688 787 807 852 Valerio
827 788 923 851 omnis
942 789 1148 872 magnitudinis
1161 807 1232 872 spe-
1351 797 1355 804 '

134 875 193 938 cies
210 874 304 958 pbcet
322 890 354 939 ut
374 875 453 940 illam
472 876 583 942 doloris
602 877 830 940 ostentationem
852 874 928 959 apud
948 875 1085 939 iuuenem
1107 889 1232 940 excuset

134 974 244 1115 atqqqe.re
234 963 347 1116 “laag
336 964 545 1049 reprehendere
558 964 702 1041 uideatur,
717 965 785 1048 qula
802 963 866 1028 talia
880 962 939 1026 dux
958 964 1130 1028 maestitiam
1143 963 1232 1027 dissi·
1298 973 1305 982 “

134 1069 185 1114 mu
275 1070 292 1115 e
346 1066 369 1119 t.

289 1259 441 1386 Ιὲἷιαιιὶιιιι
454 1258 602 1316 Aesonides
612 1257 788 1334 (quamquem
802 1259 951 1316 mittissima
965 1274 1053 1316 cerum
1150 1259 1152 1264 '
1257 1320 1264 1333 ,

354 1329 363 1385 i
399 1329 450 1386 nda
463 1332 534 1399 duci,
550 1330 679 1406 uultuque
692 1329 835 1405 premenda
848 1330 965 1404 sereno),

290 1399 369 1458 Dulct
388 1419 418 1458 us
432 1401 551 1477 indulget
565 1401 696 1460 lacrimis¹
700 1447 752 1461 .....

134 1596 191 1660 Sed
203 1596 375 1682 plerumque
389 1596 477 1660 idest
494 1599 604 1660 laconis
618 1598 768 1682 ingenium
783 1613 816 1662 ut
829 1611 936 1680 sponte
950 1597 1105 1660 audacibus
1115 1611 1144 1659 et
1155 1597 1230 1684 acri3

134 1683 188 1748 bus
209 1681 337 1748 consiliis
356 1684 517 1749 delectetur
537 1699 566 1748 et
586 1686 621 1748 ad
643 1685 788 1770 praeclare
810 1684 886 1748 lacta
908 1685 1075 1752 contendat.
1095 1684 1229 1749 Comites

133 1773 196 1857 ipse
207 1771 342 1837 hortetur
354 1788 385 1837 et
400 1794 503 1838 eorum
513 1773 734 1838 oculissureum
749 1774 841 1838 uellus
855 1793 890 1838 ac
903 1792 1014 1839 nouam
1026 1772 1227 1838 illamlaudem

133 1860 258 1942 subicit3
273 1863 346 1945 ipse,
363 1861 434 1926 dum
446 1863 529 1927 nauis
544 1865 573 1926 in
587 1863 815 1949 symplegadum
827 1863 959 1926 faucibus
971 1877 1094 1948 anguste
1107 1861 1229 1926 conclu·

135 1949 222 2028 ditur,
236 1950 350 2036 singula
362 1965 485 2016 transtra
499 1973 668 2037 percurrens
682 1951 718 2016 ad
733 1954 860 2016 maiores
872 1966 995 2016 conatus
1014 1952 1137 2036 remiges
1155 1951 1228 2015 ioci·

48 2038 53 2047 '
134 2052 187 2102 tat.
203 2039 295 2116 Quod
310 2039 440 2104 officium
453 2040 627 2124 Apollonius
638 2043 756 2106 Ancaeo
770 2040 955 2125 gubernatori
967 2040 1146 2105 attribuerat.
1256 2101 1260 2106 .

308 2247 320 2303 1
380 2261 427 2318 per
440 2262 514 2302 arma
527 2244 622 2302 uolans
634 2257 661 2300 et
675 2261 722 2318 per
735 2247 799 2318 luga
812 2261 919 2301 summa
932 2245 1037 2300 carinae

336 2327 438 2373 ortatur
450 2315 613 2392 supplexque
624 2333 719 2374 manus
733 2315 846 2373 intendit
858 2319 947 2386 lason,

307 2388 426 2445 Nomine
438 2405 572 2463 quemque
585 2395 724 2461 prement²
725 2428 778 2447 .....

134 2581 237 2664 Neque
255 2578 328 2644 adeo
348 2581 419 2643 mira
440 2594 485 2644 est
498 2580 546 2644 illa
565 2582 739 2644 constantia.
755 2582 829 2643 Nam
846 2581 996 2664 ingentem
1014 2579 1101 2645 animi
1120 2581 1180 2644 uim
1198 2579 1227 2644 in

137 2671 258 2732 summis
280 2669 415 2753 periculis
438 2671 578 2747 ostendit,
598 2671 661 2734 siue
680 2671 813 2733 interrito
830 2670 912 2733 uultu
931 2670 1026 2734 Peliae
1043 2671 1122 2734 iusso
1138 2670 1228 2744 audit,
1344 2745 1369 2758 ·
1415 2649 1430 2658 ⁵

136 2758 197 2820 siue
212 2759 329 2842 egregie
343 2772 502 2840 temperata
514 2758 635 2821 audacia
647 2760 758 2822 Aeeten
770 2757 928 2842 alloquitur
939 2782 948 2837 3
965 2760 1013 2822 cui
1027 2758 1156 2842 quidem,
1168 2777 1228 2821 non

90 2919 92 2924 ¹
135 2849 215 2929 Argo
229 2847 288 2921 isti,
303 2867 390 2932 quem
403 2846 532 2910 Graecus
546 2859 634 2930 poeta
648 2859 712 2910 tum
725 2859 858 2909 orantem
872 2847 995 2921 induxit,
1010 2847 1075 2911 talis
1094 2866 1140 2910 res
1158 2865 1230 2911 con-

135 2937 297 3000 ueniebav.
313 2940 351 3001 At
369 2936 549 3001 Colchorum
569 2936 651 3000 illum
669 2950 823 3020 tyrannum
841 2957 859 2998 a
877 2957 936 3022 quo
956 2937 1051 3000 iussus
1069 2951 1114 3001 est
1130 2936 1227 3018 ignem

135 3024 309 3109 spirantibus
331 3027 419 3088 tauris
440 3027 541 3106 iugum
563 3025 724 3108 imponere,
747 3044 835 3110 quam
855 3024 1002 3089 ferocibus
1023 3025 1228 3109 probrosisque
1299 3033 1302 3038 '

135 3113 231 3177 uerbis
245 3126 344 3176 onerat
358 3128 387 3176 et
400 3108 557 3176 attonitum
571 3113 720 3196 relinquit!
731 3113 862 3196 Denique
875 3110 994 3176 bellicae
1008 3113 1100 3176 laudis
1110 3113 1227 3188 auidus,

134 3203 166 3264 in
179 3203 271 3285 prima
283 3201 344 3264 acie
357 3200 534 3284 proeliatur;
549 3202 578 3264 in
593 3221 651 3288 quo
665 3199 796 3265 Valerius
809 3199 887 3264 haud
900 3203 1020 3286 paulum
1037 3200 1229 3285 Apollonium

136 3309 270 3374 superare
282 3289 366 3353 nobis
384 3288 499 3353 uidetur
510 3313 519 3366 ς
532 3289 641 3353 nullam
658 3293 737 3354 enim
755 3291 941 3354 occasionem
959 3291 1066 3355 amittit
1083 3288 1229 3354 fortitudi-

136 3399 204 3442 nem
224 3377 302 3442 illam
322 3378 493 3442 illustrandi.
516 3380 617 3455 Quare
646 3400 714 3444 cum
734 3380 868 3443 immanis
889 3379 1020 3464 Amycus
1038 3379 1075 3442 ad
1097 3397 1227 3464 pugnam

136 3469 266 3532 Graecos
285 3481 439 3552 prouocat,
455 3487 522 3531 cum
537 3468 656 3531 Polluce
668 3468 755 3532 simul
773 3468 873 3531 euolat
890 3470 1004 3533 lason⁴.
1025 3468 1106 3544 Quid
1124 3467 1160 3531 de
1176 3466 1228 3531 illo

134 3553 212 3620 bello
226 3556 319 3620 dicam
333 3556 413 3641 quod
426 3558 612 3642 Argonautae
626 3575 679 3641 pro
693 3559 785 3620 Aeeta
799 3558 942 3621 sustinent
955 3569 985 3620 et
994 3554 1043 3620 ubi
1053 3556 1139 3621 heros
1148 3574 1230 3637 prae·
1358 3559 1362 3568 '

136 3644 322 3709 clarissimam
336 3646 473 3709 uirtutem
492 3645 555 3708 sine
572 3645 634 3710 ullo
651 3645 747 3710 alieno
765 3643 875 3710 auxilio
890 3645 1038 3710 ostendit?
1050 3647 1155 3709 Nonne
1168 3643 1229 3708 Co-

134 3735 241 3810 lacem,
257 3735 335 3797 louis
352 3732 445 3798 filium
462 3732 597 3820 trucidat,
611 3735 663 3820 qui
679 3733 715 3797 ad
730 3749 813 3798 uasta
831 3754 899 3797 saxa
913 3734 1061 3799 deicienda
1074 3746 1228 3818 promptus

138 3835 198 3886 erat
212 3835 241 3884 ct
253 3824 396 3886 immenso
411 3822 526 3886 turbine
539 3836 646 3886 cuncta
659 3840 757 3904 rapere
770 3819 949 3886 uidebaturr.
961 3825 1072 3886 Interea
1081 3841 1098 3884 e
1107 3821 1229 3885 summis

136 3909 289 3974 moenibus
308 3912 424 3975 Aeetias
443 3912 530 3996 uirgo
549 3909 672 3974 heroem
690 3910 792 3975 hostes
811 3911 842 3976 io
862 3912 926 3975 acie
944 3909 1096 3997 iugsntem
1116 3908 1229 3996 ingenti

162 4123 246 4169 mut.
256 4121 395 4180 Argo-..iil
406 4123 444 4180 3⁶9
453 4136 500 4181 sqq.
734 4135 754 4176 ι
765 4107 855 4174 mlv,
866 4132 904 4166 ιιι
913 4136 959 4180 sqq.

74 4259 77 4265 ¹
161 4193 489 4265 ¹·‚¹··.¹V·⁶st·ss·‘tr¹si·
626 4197 628 4206 “
735 4207 959 4266 cromnam.
1033 4235 1034 4238 ,

163 4264 498 4324 3⁸¹⁸m¹el⁸⁸fflvt¹⁴7¹'l²¹·
