2970 4802
689 357 733 370 -
776 339 819 406 94
861 355 905 370 .-

253 467 388 530 iuuenem
411 448 491 544 adit,
504 467 616 548 puellae
639 469 721 550 genis
741 465 831 529 mbor
848 463 1019 540 offunditur,
1039 463 1232 528 obcaecantur
1250 461 1341 540 oculi,

126 559 132 566 “
252 554 347 616 labant
361 574 473 636 genum
487 554 692 638 aliquantisper
704 567 802 616 tamen
814 554 890 616 uires
905 573 971 615 suas
984 552 1088 627 reficit,
1103 565 1136 615 ut
1154 551 1248 614 dulcia
1262 551 1342 612 laso-

252 643 296 703 uis
309 641 397 702 uerba
408 641 527 703 audiuit.
539 643 654 702 Frustra
668 657 787 724 quoque
800 659 901 702 sensus
913 639 1017 701 abdere
1031 652 1164 714 conatur,
1174 637 1244 700 dum
1259 637 1342 699 heroi

251 726 395 810 liquorem
408 726 489 790 illum
504 725 589 790 tradit
603 728 653 810 qui
667 728 728 790 eius
741 745 848 809 corpus
860 747 878 788 a
892 739 1043 788 tauromm
1060 723 1175 808 ignibus
1190 738 1220 788 et
1233 723 1343 807 Gigan-

123 868 128 878 ..
251 827 315 876 tum
328 815 432 876 ictibus
445 828 541 877 tutum
553 813 654 880 reddat
665 837 674 890 ς
690 833 777 897 quam
792 815 906 895 penitus
921 813 1018 876 Erotis
1032 813 1137 896 sagitta
1150 812 1228 874 laesa
1241 812 1278 874 sit
1291 811 1342 873 de·

252 901 352 977 cisrat,
367 921 435 964 curn
449 900 593 963 Ariadnen
607 900 750 963 inuidiosa
767 901 891 984 quadam
904 899 1098 962 aemulatione
1117 913 1146 962 et
1163 913 1209 962 tot
1221 897 1343 960 illustria

252 988 389 1071 coniugia
403 1002 556 1064 memorat,
566 1002 597 1051 et
609 988 740 1051 lacrimas
754 986 877 1050 effundit
891 1005 985 1071 neque
998 985 1090 1050 ullum
1103 985 1180 1049 aliud
1194 983 1284 1049 officii
1296 984 1341 1048 sui

251 1077 376 1158 pretium
390 1077 445 1138 nisi
459 1077 537 1158 piam
555 1076 728 1138 memoriam
745 1076 846 1158 petit¹.
861 1075 939 1138 Tum
957 1077 1019 1158 pari
1037 1093 1137 1138 amore
1154 1074 1264 1136 lasouis
1282 1072 1343 1135 ani-

141 1224 143 1227 .
253 1183 334 1225 mum
349 1164 487 1240 incendit,
503 1175 532 1225 et
545 1177 700 1248 postquam
713 1163 788 1225 laeta
802 1163 899 1225 herois
915 1163 1059 1245 promissa
1076 1163 1200 1244 excepit,
1215 1161 1286 1224 nibil
1305 1161 1341 1222 ad

252 1251 414 1332 augendam
429 1251 540 1314 faronis
553 1251 677 1335 gloriam
692 1265 721 1314 ct
739 1251 859 1335 uirginis
877 1249 1024 1314 infamiam
1042 1263 1130 1313 restat
1147 1250 1203 1312 uisi
1219 1263 1252 1312 ut
1269 1248 1341 1310 haec

250 1338 386 1400 iuuenem
399 1339 430 1402 in
444 1341 565 1421 patriam
579 1354 724 1425 sequatur.
738 1341 782 1402 Er
796 1357 855 1424 quo
866 1340 942 1402 enim
956 1337 1071 1415 Medea,
1081 1339 1187 1401 timore
1201 1350 1230 1399 et
1244 1335 1342 1399 furore

249 1439 345 1508 capta,
358 1444 375 1488 e
389 1441 507 1510 paterna
523 1427 614 1490 domo
628 1428 760 1490 discessit
780 1440 813 1489 et
828 1426 864 1489 ad
875 1429 1059 1509 Argonautas
1071 1425 1216 1508 confugit,
1230 1427 1342 1487 Aeeten
1426 1476 1429 1484 .

249 1513 309 1576 iam
329 1515 507 1598 suspieamm
527 1533 591 1578 esse
610 1513 696 1578 dolos
717 1515 864 1592 nuntians,
879 1528 972 1577 tutam
991 1534 1022 1578 se
1043 1512 1123 1577 dedit
1141 1513 1264 1576 lasoui².
1279 1513 1341 1574 Nec

249 1599 345 1664 solum
355 1603 468 1666 Graeco
477 1604 542 1666 uiro
556 1603 677 1687 magicis
686 1601 811 1666 artificiis
825 1621 945 1666 aureum
958 1602 1052 1666 uellus
1065 1602 1178 1677 eradio,
1194 1600 1340 1664 sedetiam

248 1689 356 1753 scelere
375 1692 544 1754 societatem
564 1690 643 1754 illam
663 1691 817 1754 coufirmat
832 1705 871 1768 et,
886 1711 954 1755 cum
975 1693 1077 1754 lasum
1096 1691 1291 1764 consentiens,
1311 1691 1341 1751 in

148 1814 150 1818 ·
249 1776 368 1841 insidias
386 1778 543 1863 Absyrtum
563 1777 680 1842 fratrem
701 1778 807 1842 elicitt.
830 1780 905 1842 Nam
926 1777 1046 1844 scelesta
1067 1778 1193 1843 sollertia
1215 1777 1341 1863 quidque
1377 1789 1393 1815 ¹²

249 1864 418 1949 disponens,
434 1867 541 1930 infelici
554 1867 595 1930 illi
608 1871 716 1932 Aeetae
726 1867 788 1931 filio
802 1869 936 1932 mandata
944 1867 1044 1946 refert,
1056 1869 1171 1953 quibus,
1182 1867 1235 1930 sub
1246 1886 1341 1929 nouae

249 1954 423 2036 proditionis
445 1957 554 2039 specie,
576 1976 643 2019 eum
666 1956 702 2019 ad
722 1957 887 2020 Artemidos
907 1955 1048 2040 templum
1063 1957 1194 2031 arcessit,
1213 1969 1243 2018 et
1262 1955 1341 2018 uaria

109 2103 112 2109 .
247 2061 379 2118 munera,
403 2044 553 2125 inprimis
577 2045 751 2126 Dionysium
772 2043 842 2106 illud
863 2044 981 2126 pallium
1003 2043 1039 2105 ab
1062 2043 1222 2126 Hypsipyle
1245 2042 1340 2105 latoni

217 2127 225 2142 ⁸
248 2127 319 2190 olim
338 2129 449 2206 datum,
468 2131 609 2216 adiungit.
625 2132 707 2207 Quin
724 2131 825 2208 etiam,
838 2150 908 2194 suae
926 2131 995 2194 artis
1013 2151 1074 2194 non
1093 2131 1193 2206 oblita,
1209 2149 1261 2214 per
1274 2148 1340 2193 aera

249 2215 347 2279 dulces
365 2218 544 2302 blandosque
558 2218 666 2282 odores
680 2218 810 2282 effundit.
830 2220 887 2282 Sed
905 2221 962 2281 iarn
981 2219 1129 2301 culparum
1148 2238 1182 2282 ac
1199 2219 1340 2281 scelerum

247 2321 370 2365 suorum
382 2306 498 2367 conscia
511 2319 541 2366 et
554 2306 724 2388 praeteritae
738 2306 839 2369 aetatis
851 2307 910 2368 acri
923 2305 1066 2369 desiderio
1081 2305 1200 2388 perfixa,
1211 2306 1296 2368 timet
1304 2323 1341 2366 ne

249 2389 335 2454 lason
349 2390 436 2454 fidem
446 2406 572 2474 rumpat.

507 2506 583 2580 ilii
596 2529 638 2582 βῑ*
652 2501 727 2571 iinn
742 2509 843 2581 κραδίην
858 2505 968 2572 illiniat
983 2503 1073 2563 ditati.

247 2611 307 2674 lam
319 2610 392 2674 haee
405 2613 496 2676 tristia
511 2633 584 2697 quae
602 2613 632 2675 in
650 2614 715 2697 ipso
734 2613 856 2699 uirgiuei
872 2612 996 2677 cubiculi
1016 2628 1213 2698 praesenserat
1232 2614 1340 2676 sensim

246 2700 357 2763 maiore
369 2700 472 2764 dolore
486 2721 586 2765 secum
603 2701 752 2780 uoluebat,
768 2716 798 2765 et
811 2723 879 2765 cum
891 2705 972 2786 Argo
985 2704 1067 2766 nauis
1083 2703 1233 2766 aColchis
1245 2703 1340 2766 nautis

246 2807 297 2870 per
310 2789 463 2852 Oceanum
477 2789 559 2872 pulsa
574 2804 642 2873 post
655 2790 745 2853 multa
757 2790 884 2875 pericula
897 2792 1014 2854 Alcinoi
1027 2790 1150 2854 insulam
1164 2806 1286 2875 peteret,
1302 2811 1339 2854 eo

245 2875 312 2959 ipso
329 2891 460 2960 tempore
474 2897 533 2964 quo
551 2877 645 2961 puella
660 2879 755 2942 fasoni
774 2892 897 2963 nuptura
914 2894 976 2943 erat
995 2895 1023 2943 et
1041 2898 1156 2943 sacrum
1174 2881 1339 2964 iustumque

245 2965 1173 3120 :2llflullffiflil„{lmlfmlnflflsl’¹³‘
1195 2969 1339 3031 “dmm
1416 3023 1419 3032 ’

284 3139 364 3204 Talia
385 3157 430 3206 est
451 3141 498 3205 illa
517 3074 641 3206 bledeae
663 3163 787 3227 persona
811 3164 898 3230 quam
924 3145 1100 3230 Apollonius
1114 3102 1197 3208 'min
1220 3157 1280 3207 arte
1302 3141 1339 3206 ad

138 3248 148 3268 ·
246 3219 393 3294 muliebris
411 3232 519 3316 ingenii
535 3233 693 3316 imaginem
712 3233 957 3312 conformauerat,
971 3235 1085 3298 ueritati
1107 3255 1194 3322 quam
1211 3233 1339 3296 maxime

244 3332 360 3400 poterat
371 3321 512 3384 accedens
525 3334 554 3384 et
567 3321 710 3404 Euripidis
723 3323 866 3399 aemulus,
881 3323 932 3409 qui
950 3325 1072 3388 eandem
1091 3324 1166 3386 hanc
1182 3341 1339 3408 personam

245 3425 307 3470 uon
320 3408 443 3472 multum
457 3408 512 3472 alia
525 3411 622 3494 specie
641 3410 800 3474 effinxerat.
817 3413 1006 3496 Quamquam
1019 3426 1117 3476 autem
1130 3410 1249 3476 Valerio
1264 3409 1338 3474 diffi-

245 3495 301 3560 cile
314 3511 375 3560 erat
386 3512 455 3581 post
468 3498 544 3561 duos
557 3499 624 3562 illos
637 3499 835 3564 inclitissimus
847 3515 950 3584 poetas
964 3522 1061 3566 nouos
1070 3519 1169 3565 mores
1177 3515 1208 3565 et
1216 3498 1339 3564 affectus

244 3585 365 3648 Medeae
377 3586 507 3663 induere,
527 3600 625 3650 tamen
644 3587 757 3671 puellae
774 3607 875 3652 sensus
895 3589 978 3652 aliter
995 3590 1134 3672 depinxit.
1150 3591 1182 3653 ln
1201 3608 1260 3676 quo
1278 3588 1339 3668 for·

242 3685 320 3747 tasse
333 3673 431 3738 miuus
444 3672 566 3739 feliciter
578 3677 605 3740 ei
618 3695 706 3762 quam
722 3677 753 3741 iu
770 3679 948 3742 retractanda
965 3677 1076 3742 Iasonis
1095 3696 1220 3762 persona
1238 3677 1335 3744 cessit.
1369 3684 1371 3687 ’

243 3759 346 3845 Neque
354 3779 434 3840 ‚uero
448 3775 493 3824 est
509 3763 590 3848 quod
608 3764 644 3827 ad
663 3765 830 3828 criticorum
852 3767 1035 3851 quomndam
1057 3766 1227 3849 exemplum
1244 3766 1338 3829 Latini

24 3825 25 3834 ἵ
148 3843 160 3863 ’
243 3861 349 3930 poetae
370 3848 527 3912 consilium
553 3864 584 3914 et
608 3865 702 3914 artem
728 3851 775 3916 hic
802 3854 885 3936 parui
907 3855 1060 3917 aestimare
1085 3851 1338 3936 liceat;plurima
1398 3853 1400 3857 ’

270 4029 816 4093 t.Arost-.lrps.‚lil,rrearqq.‘-cf.roas-roba.
829 4005 832 4013 Ι
871 4049 890 4094 y.
899 4037 941 4091 fs..
952 4036 1040 4091 Nuus
1047 4021 1098 4096 sqq,
1178 4077 1180 4084 ,

245 4086 817 4202 ¹¹⁶⁸·ll2i2'32'ssblffltllllbln,
869 4129 890 4171 ⁴·
900 4115 941 4170 ¹···
952 4116 989 4170 W·
999 4126 1037 4172 ⁴⁴5
1046 4131 1091 4177 Ἥ·

207 4237 209 4242 ,
319 4199 480 4248 unua-ca..¹
704 4240 707 4250 ,
871 4193 1094 4254 puditumst·
1179 4265 1187 4275 ,
