2970 4802
537 239 855 307 -81-.

100 389 176 452 uiter
188 395 335 468 accepta¹.
350 386 464 450 Eodem
478 387 583 464 modo,
597 405 666 450 eum
684 387 714 448 in
734 386 857 468 Bospori
876 384 983 449 fretum
1004 383 1091 448 intrat
1111 369 1209 473 Argo

100 475 194 551 nauis,
209 488 376 557 opportune
389 476 436 538 lus
450 475 571 558 uirginis
583 474 675 537 iatum
691 473 784 537 dulcis
797 471 934 557 Orpheus
947 473 1053 536 referre
1071 475 1190 562 cuspite

101 564 231 647 Denique
245 561 368 626 libenter
380 582 518 646 personas
533 563 638 650 quibus
651 563 759 646 primas
772 563 872 624 tribuit
885 575 981 645 partes
995 561 1091 625 denuo
1110 562 1193 626 indu-

100 652 139 716 cit
153 664 283 734 egentes.
299 653 459 738 Postquam
473 653 551 716 enim
566 664 665 735 raptus
679 664 724 715 est
740 649 840 735 Hylas,
855 650 1031 734 Apollonius
1048 649 1193 715 Glaucum

101 741 244 803 marinum
258 740 352 803 Deum
368 760 404 803 er
419 741 502 804 undis
512 741 716 824 adsurgentem
731 739 813 823 fingit
823 751 855 802 ut
864 741 1048 823 Argonautas
1057 753 1191 820 moneat3
1286 737 1292 746 ’
1336 709 1366 744 '¹

101 827 232 891 Valerius
244 840 341 892 autem
357 829 457 892 maluit
471 828 563 914 Hylae
583 829 674 914 ipsius
694 828 851 913 imaginem
869 827 979 890 circum
999 829 1194 892 somniantem

101 919 229 980 amicum
250 916 406 981 Herculem
427 915 580 982 uultures.
602 919 754 1002 Nusquam
775 916 835 979 iere
853 916 943 1001 igitur
962 915 1088 982 multum
1107 931 1195 1002 poeta
1282 917 1286 926 ”

103 1021 182 1070 ertra
195 1005 293 1090 operis
305 1021 510 1090 argumentum
523 1006 659 1092 progredi
675 1005 806 1084 uidetur;
822 1025 868 1069 res
881 1003 959 1090 apud
979 1025 1047 1069 eum
1067 1007 1143 1070 inter
1163 1025 1194 1070 se
1311 1013 1321 1022 '

101 1095 257 1159 artificiose
270 1095 428 1178 excipiunt.
860 1151 862 1163 .

142 1185 208 1247 Duo
222 1184 376 1267 praecipue
389 1197 457 1248 sunt
471 1183 507 1246 ad
528 1203 604 1271 quae
626 1203 741 1268 semper
760 1195 912 1246 attentum
924 1183 1023 1246 habuit
1043 1185 1193 1249 animum:

102 1275 232 1336 Deorum
245 1273 406 1336 ministerio
421 1274 589 1358 saepissime
603 1293 675 1336 usus
688 1287 732 1336 est
747 1287 776 1335 et
789 1270 826 1335 ad
839 1273 949 1336 Iasonis
958 1292 992 1336 ac
1001 1273 1121 1336 Medeae
1130 1291 1197 1336 seu·
1316 1317 1321 1323 -

103 1383 152 1426 sus
165 1363 310 1426 actionem
325 1361 385 1426 iere
397 1375 492 1428 totam
505 1361 636 1428 rettulit:
652 1365 726 1426 luno
745 1363 824 1426 enim
844 1375 874 1426 et
892 1363 1023 1426 Minerua
1042 1364 1196 1448 Argonau-

102 1466 197 1516 tarum
211 1472 327 1516 causam
342 1452 419 1536 apud
433 1453 535 1516 louem
553 1466 639 1517 orant
656 1466 686 1516 et
704 1453 827 1516 summis
848 1451 982 1536 periculis
1002 1451 1107 1516 heroas
1124 1452 1196 1516 libe·

103 1556 182 1620 rant;
198 1543 293 1605 immo'
303 1544 403 1606 Venus
420 1543 482 1627 ipsa
502 1543 636 1605 Medeam
658 1544 759 1604 amore
778 1542 916 1605 incendit.
932 1541 1019 1604 turos
1039 1554 1136 1605 tamen
1156 1543 1196 1605 ita

104 1631 254 1714 descripsit
273 1644 393 1714 agentes
413 1644 446 1693 ut
469 1650 500 1693 se
522 1630 602 1714 ipsos
625 1630 832 1694 commendare
854 1643 885 1692 et
906 1643 1048 1714 quantum
1067 1629 1197 1694 ualerent

102 1719 265 1801 significare
279 1716 463 1797 uiderentur;
479 1739 604 1802 quorum
619 1720 742 1803 quisque
757 1717 931 1802 peculiarem
945 1718 990 1781 sui
1004 1717 1133 1782 indolem
1147 1739 1192 1782 er·
1326 1795 1329 1802 Ι
1461 1768 1465 1778 ,

102 1807 192 1870 hibet.
209 1807 265 1869 Hic
278 1806 404 1891 denique
416 1806 519 1869 Medea
532 1826 594 1869 non
609 1807 705 1870 subito
720 1825 851 1869 amorem
874 1807 1013 1888 concipit,
1028 1807 1079 1870 sed
1100 1807 1197 1871 herois

103 1893 554 1978 primumadmiratione,teneris
564 1893 668 1958 deinde
675 1907 705 1957 et
714 1892 824 1957 eisdem
832 1893 945 1958 acribus
953 1893 1117 1972 affectibus,
1127 1895 1198 1958 dum

43 1995 47 2002 '
103 1980 208 2045 adsunt
226 1983 326 2046 Venus
344 1996 374 2046 et
394 1985 480 2060 luno,
501 1996 658 2062 mouetur,
681 1984 766 2046 lason
785 1998 884 2046 autem
904 1983 1004 2046 multis
1025 1982 1144 2066 proeliis
1167 1997 1197 2048 et
1244 2043 1249 2050 .

103 2071 227 2156 egregiis
235 2070 411 2135 facinoribus
420 2072 568 2156 ingentem
577 2070 693 2136 laudem
703 2072 757 2135 sibl
767 2085 919 2158 comparat
929 2086 959 2136 et
966 2071 1087 2136 Medeae
1095 2093 1196 2138 amore

103 2180 173 2225 uere
186 2160 292 2244 dignus
306 2159 439 2226 efficitur.
455 2162 524 2225 lnde
537 2162 569 2225 lit
583 2175 626 2241 ut,
640 2161 789 2245 Apollonii
804 2163 926 2246 uestigia
947 2161 1095 2241 deserens,
1111 2161 1198 2227 Vale·

104 2251 161 2313 rius
175 2249 247 2312 illud
260 2251 335 2312 inter
348 2253 458 2314 Aeeten
472 2265 503 2312 et
515 2253 621 2313 Persen
633 2265 748 2314 motum
762 2249 871 2314 bellum
885 2251 1000 2314 finxerit
1014 2271 1075 2336 quo
1089 2252 1199 2315 Iasonis

104 2338 195 2401 uirtus
208 2338 409 2416 illustraretur,
424 2337 545 2402 Medeae
558 2358 642 2402 amor
659 2339 839 2423 aliquantum
860 2338 1041 2421 probaretur.
1057 2339 1108 2403 llle
1127 2359 1199 2404 uero

105 2428 197 2490 totius
211 2429 346 2490 carminis
367 2427 441 2490 ordo
464 2441 493 2489 et
513 2429 693 2490 concinnitas
715 2429 788 2490 mire
810 2429 942 2510 personis
965 2428 1035 2512 ipsis
1055 2429 1199 2514 tradisque

105 2535 205 2579 earum
219 2515 351 2579 sensibus
364 2513 461 2580 lucem
477 2515 621 2599 quandam
635 2515 780 2582 adierunt.

144 2604 239 2668 Maior
255 2619 300 2668 est
323 2604 399 2688 apud
421 2603 611 2689 Apollonium
635 2605 817 2669 inductamm
838 2625 1029 2689 personarum
1050 2625 1197 2673 numerus.

105 2694 214 2757 Multae
240 2707 338 2757 tamen
361 2709 428 2757 sunt
451 2714 523 2779 quas
542 2694 643 2757 obiter
663 2707 777 2758 tautum
800 2695 1005 2778 praestrinrit;
1030 2716 1125 2781 neque
1146 2695 1199 2760 has
1331 2687 1355 2700 ’
1461 2693 1464 2700 ’

106 2784 223 2846 easdem
237 2797 325 2866 poeta
339 2799 438 2847 noster
456 2781 581 2866 amplius
603 2783 766 2866 descripsit,
788 2783 856 2868 quia
877 2803 946 2846 sane
966 2785 997 2846 in
1015 2784 1200 2868 propositum

106 2874 167 2936 eius
188 2893 248 2935 non
269 2872 343 2936 adeo
365 2872 553 2957 quadrabant.
580 2871 661 2946 Quid
685 2872 761 2956 apud
783 2888 941 2956 utrumque
963 2872 1001 2935 de
1022 2875 1130 2958 Mopso
1152 2873 1199 2936 uel

106 2961 226 3024 ldmone
240 2962 296 3024 dici
310 2975 419 3046 potest,
435 2961 490 3024 nisi
504 2961 584 3045 quod
594 2961 724 3046 augurali
736 2960 835 3024 officio
849 2960 1029 3045 funguntur?
1042 2963 1103 3026 Etsi
1116 2961 1200 3026 Vale·

106 3051 165 3113 rius
177 3050 214 3113 ab
228 3051 348 3114 ldmone
361 3051 441 3114 saeui
455 3051 517 3131 apri
529 3069 646 3113 morsus
659 3051 751 3113 arcuit
762 3050 833 3113 etei
853 3050 1004 3132 quoddam
1025 3051 1128 3114 mortis
1148 3071 1199 3134 ge·

107 3159 159 3201 nus
181 3140 338 3202 reseruauit
358 3136 438 3222 quod
455 3139 521 3221 plus
540 3138 655 3201 decoris
675 3135 836 3213 exhiberet,
857 3137 979 3200 heroem
999 3151 1096 3201 tameo
1117 3137 1199 3202 illum

106 3227 136 3289 in
149 3246 263 3291 recessu
279 3225 394 3309 reliquit
408 3245 503 3310 oeque
517 3227 588 3288 noui
603 3225 759 3312 quicquam
771 3227 798 3288 ei
818 3224 977 3308 attribuitr,
993 3225 1105 3310 Tiphys
1125 3245 1199 3312 quo·

107 3335 163 3400 que
176 3315 212 3377 ab
224 3312 385 3398 Apollonio
399 3312 616 3377 nullamaliam
637 3313 776 3376 uirtutem
795 3313 851 3376 nisi
870 3313 977 3397 optimi
996 3314 1200 3398 gubernatoris

105 3415 271 3484 acceperat3
286 3420 375 3484 quare
388 3413 494 3464 nauem
508 3421 603 3478 suam,
618 3403 746 3483 potentis
758 3404 837 3463 Deae
857 3421 945 3484 opus,
967 3401 1092 3464 multum
1105 3401 1199 3486 diligit
1224 3435 1227 3440 ·

107 3508 228 3574 eamque
240 3487 362 3552 libenter
374 3489 514 3552 inuictam
528 3498 558 3551 et
570 3488 748 3573 grauissimis
761 3487 897 3572 procellis
911 3489 1087 3552 sustinendis
1100 3502 1198 3572 aptam

106 3576 252 3660 praedicat
258 3599 267 3655 ;
283 3576 367 3639 cuius
379 3574 493 3639 hmram
506 3588 668 3639 manumet
686 3573 803 3638 lirmurn
822 3574 978 3639 consilium
998 3576 1131 3640 admirmi
1150 3577 1198 3642 de·

106 3676 165 3741 cet,
178 3665 241 3728 siue
254 3665 353 3728 socios
364 3661 533 3728 deficientes
547 3663 750 3754 increpatlsiue
764 3662 879 3726 fortiter
894 3663 925 3726 in
945 3665 1129 3763 Cyanearum
1148 3683 1200 3728 an·

133 3986 152 4021 ¹·
162 3974 352 4032 'munais
363 3985 459 4031 tresis·
679 3984 725 4065 Aa.
740 3956 819 4015 insu
832 3959 923 4028 arpa,
941 3971 971 4025 rr.
990 3973 1085 4028 siquo.
1100 3993 1127 4008 -
1144 3974 1197 4018 vac

132 4053 353 4111 s,lo,‚1v‚„6.qq,
699 4023 966 4080 revestiuntur-tusas.

106 4131 387 4244 12‘2'52313d
402 4143 454 4187 arro
468 4143 514 4190 sqq.
532 4147 560 4165 ι·
572 4129 625 4174 Vas.
697 4094 897 4194 fflffimm
905 4094 1113 4154 ΜΨΜΜΜ
1124 4095 1199 4139 ¹⁴⁸⁰·

181 4213 197 4238 ,‚
239 4215 246 4238 ‚
331 4203 358 4230 Ι.

211 4309 242 4342 ss
254 4309 349 4342 suane
363 4305 454 4343 mesa.
1082 4299 1096 4342 6

705 4218 736 4262 bs
746 4215 821 4275 Mopse
829 4219 879 4262 alda
888 4217 907 4269 1,
916 4228 953 4273 sor
968 4233 1006 4277 sqq
1020 4230 1042 4262 ss
1056 4218 1096 4271 lli,
1106 4220 1143 4274 aaa
1153 4232 1200 4276 sqq·
1299 4229 1302 4233 '

1435 4117 1438 4126 ,
1459 4073 1462 4120 J

1456 4160 1471 4182 a

1461 4191 1467 4232 t

1454 4232 1471 4348 l

1455 4367 1470 4411 l

1452 4465 1473 4527 p.
