2970 4802
722 275 768 294 ...
810 241 852 308 66
894 271 940 294 .-

229 435 232 442 -
286 392 399 456 uidetur
418 389 564 452 effinxisse
582 385 699 472 signum
718 387 788 450 illud
814 385 912 448 liellea
935 383 1015 470 quod
1037 383 1146 466 spirare
1166 381 1261 458 dicas,
1283 397 1375 464 prope

152 511 160 518 ·
285 477 381 542 Phrixi
394 475 539 540 tumulum
552 475 582 538 in
596 474 724 538 Phasidis
737 475 798 557 ripa
811 485 952 536 erectum.

469 603 474 614 ¹
597 663 674 682 .....
680 620 774 680 Infelix
788 621 867 678 Pario
881 622 915 678 de
929 635 1062 678 marmore
1076 621 1147 674 iusta
1198 577 1201 592 Ι

436 693 494 750 Stat
506 709 592 761 soror,
607 691 670 750 binc
683 708 776 750 saeuae
790 690 933 748 iormldlne
946 701 1045 746 maesta
1058 703 1199 756 nouercae,

436 765 605 832 indemnis,
619 764 765 838 pecudique
779 761 875 819 tionem
889 765 1026 836 lmponme
1039 757 1164 834 pumat

320 904 379 968 illic
391 904 514 968 dubitari
527 915 625 986 potest
639 917 737 968 utrum
754 903 903 986 ingenium
921 920 1008 965 auum
1026 919 1062 962 an
1080 899 1225 962 artificum
1241 895 1373 982 exempla

280 1005 397 1055 secutus
410 993 458 1055 sit.
474 991 628 1066 Quaedam
641 1006 738 1054 autem
753 987 1021 1073 argumentaelegit
1030 987 1143 1075 quaein
1152 983 1299 1070 operibus,
1310 985 1373 1049 siue

279 1077 375 1162 pictis,
393 1079 456 1142 sine
473 1080 572 1142 incisis
590 1080 758 1161 reperimus.
782 1079 815 1140 ln
832 1077 943 1140 Iasonis
962 1075 1051 1160 pallio
1074 1075 1254 1158 conspicitur
1273 1073 1374 1160 Gany·

280 1163 389 1242 medea,
403 1165 518 1249 aquilae
531 1165 653 1229 calicem
667 1163 802 1228 offerens,

489 1339 491 1344 ·
697 1355 774 1372 .....
780 1313 856 1380 Quin
870 1325 897 1370 et
909 1313 982 1371 Ioula
995 1315 1112 1386 armiger
1125 1311 1181 1386 ipae

457 1383 563 1458 Accipit
575 1401 591 1439 a
604 1383 724 1458 Phrygio
738 1387 791 1440 iam
805 1382 902 1457 pocula
915 1383 1011 1440 blanda
1024 1385 1173 1440 ministro&

276 1526 315 1587 ha
327 1523 510 1608 Ganymedes
524 1542 592 1586 cnm
605 1524 702 1608 aquila
714 1523 829 1587 bibente
843 1525 957 1607 saepius
971 1523 1002 1586 in
1014 1523 1208 1606 Pompeianae
1222 1519 1307 1584 uillae
1321 1539 1372 1605 pa-

277 1611 346 1675 riete
358 1613 452 1695 pictus
466 1623 525 1675 est¹
539 1625 570 1674 et
582 1612 613 1674 in
627 1611 722 1694 lapide
735 1613 843 1676 incisus
855 1623 928 1676 est⁴.
937 1611 1015 1674 Cum
1029 1611 1167 1695 Orpheus
1181 1609 1259 1672 aurei
1273 1607 1371 1671 arietis

236 1727 237 1730 ¹
276 1698 331 1762 iter
351 1701 440 1774 canit,
462 1699 565 1762 Hellen
588 1699 718 1784 depingit
737 1699 873 1763 fluctibus
894 1697 1028 1763 obrutam
1042 1697 1121 1763 etad
1135 1697 1250 1760 iratrem
1264 1693 1369 1759 frustra
1414 1759 1429 1790 ,ς

275 1784 408 1848 bracchia
419 1785 595 1848 tendentem.
1171 1805 1183 1812 ·’

318 1967 319 1972 1
430 1933 501 2000 Quis
513 1933 572 2000 tibi,
586 1932 693 2000 Phrixe,
709 1932 796 1999 dolor,
811 1948 839 1988 ra
859 1931 904 1987 ido
918 1947 982 1987 cum
995 1930 1116 1987 concitus
1128 1941 1202 1986 aestu

429 2003 582 2075 Respiceres
595 2005 707 2058 miserae
720 2001 823 2056 clamas
844 2017 859 2055 a
873 2003 985 2073 uirginis
998 2017 1055 2067 ora,

329 2087 332 2092 ¹
429 2073 617 2146 Extremaeque
631 2085 725 2126 manus
738 2086 895 2144 sparsosque
909 2087 956 2143 per
968 2086 1083 2143 aequora
1098 2072 1210 2129 crium.

273 2209 381 2273 Eadem
398 2223 496 2272 antem
515 2209 562 2272 illa
580 2209 676 2292 puella
697 2209 728 2272 in
751 2209 956 2293 Campaniensi
978 2208 1102 2293 quadam
1125 2209 1235 2291 pictura
1256 2207 1368 2292 effingi-
1406 2235 1414 2250 ·

272 2311 321 2359 tur
339 2297 430 2380 passis
449 2296 575 2360 crinibus
595 2308 625 2359 et
638 2315 724 2380 aegre
740 2315 828 2380 super
846 2297 937 2360 undas
951 2316 1054 2359 manns
1067 2309 1096 2358 et
1110 2311 1198 2379 caput
1211 2295 1366 2373 extollens,

271 2384 342 2448 dum
362 2383 484 2448 Phrixus
505 2385 586 2448 arleti
606 2385 733 2448 insidens
753 2387 791 2448 ad
813 2403 945 2448 sororem
966 2385 1095 2448 dextram
1117 2383 1268 2468 porrigit⁶.
1294 2383 1367 2447 illud

270 2493 390 2557 quoque
402 2475 603 2556 pauimentum
616 2472 697 2556 quod
711 2473 742 2536 in
756 2472 824 2536 uilla
837 2474 915 2537 dicta
929 2472 1033 2536 Albani
1046 2475 1158 2536 Rornae
1171 2473 1268 2537 adbuc
1281 2493 1368 2537 cons·

269 2561 328 2644 pici
339 2574 448 2644 potest,
464 2563 608 2625 Hesiones
622 2561 657 2624 ab
672 2561 795 2625 Hercule
809 2561 944 2625 liberatae
957 2562 1115 2644 imaginem
1128 2580 1164 2623 ea
1178 2575 1237 2624 arte
1249 2561 1367 2647 praebet

268 2668 433 2730 expressam
453 2650 489 2712 ad
510 2668 599 2733 quam
618 2648 756 2712 accedere
777 2648 891 2713 uidetur
903 2649 1053 2728 Valerius;
1068 2650 1150 2735 quod
1162 2663 1366 2735 argumentum

269 2755 355 2818 saepe
378 2736 414 2799 ab
436 2736 595 2802 artificibus
618 2737 744 2801 electum
765 2737 857 2800 lucrat
884 2751 915 2800 et
939 2737 1091 2820 Antiphilu
1118 2739 1235 2820 pictori,
1257 2737 1367 2823 Apellis

269 2823 398 2900 aemulo,
420 2826 567 2908 ingentem
588 2823 704 2888 laudem
725 2825 889 2889 artaretur.
904 2826 982 2887 Cum
995 2825 1083 2887 etiam
1097 2839 1186 2908 poeta
1200 2825 1367 2889 Phaethon-

269 2925 330 2974 tem
342 2932 361 2974 e
372 2911 455 2976 caelo
469 2905 652 2976 decidentem
666 2913 825 2990 induceret,
836 2934 896 2976 non
909 2927 1025 2997 poterat
1032 2933 1094 2976 non
1102 2911 1232 2976 tabulam·
1239 2913 1366 2999 aliquam

269 2998 376 3082 pictam
391 2995 575 3064 ante'oculos
589 3000 713 3080 babere;
730 2999 797 3063 nam
816 3001 899 3085 plura
915 3001 1113 3085 deprehendas
1128 3000 1204 3063 haud
1217 2995 1366 3064 dissimilia
1396 3076 1399 3082 ,
1417 3009 1421 3016 '

269 3085 345 3169 apud
363 3087 510 3150 Valerium
523 3087 558 3151 'et
576 3087 784 3153 Philostratum
803 3089 921 3154 artificis
940 3087 1091 3153 cuiusdam
1109 3108 1190 3171 opus
1203 3087 1365 3152 describen-

270 3187 341 3236 lem.

453 3281 563 3338 Flebant
568 3281 704 3408 populeae
718 3287 842 3339 iuuenem
856 3282 1021 3340 Phaethonta
1034 3298 1149 3351 sorores,
1184 3353 1187 3360 Ι

450 3353 516 3409 Ater
527 3363 555 3409 et
592 3353 676 3408 ridanl
689 3355 822 3426 trepidum
835 3351 932 3426 globus
947 3354 1000 3409 ibat
1014 3357 1043 3408 in
1056 3370 1181 3422 amnem

450 3423 486 3478 ht
499 3424 562 3495 iuga
575 3425 621 3478 ulx
632 3423 734 3494 Tethys
746 3439 919 3510 sparsumque
932 3422 1063 3496 recolligit
1075 3439 1151 3479 axem

450 3492 485 3549 Et
497 3488 685 3550 formidantem
698 3505 798 3566 patrios
809 3493 944 3566 Pyroenta
954 3490 1085 3550 dolores⁸.

295 3726 314 3758 ¹·
324 3714 378 3759 '¹²-
387 3716 514 3772 &en-Va
525 3719 570 3772 ¹⁸1·
866 3718 890 3764 6.
908 3717 1006 3771 liutara,
1021 3692 1190 3776 'vacamus
1209 3719 1363 3778 canapariam,

292 3784 365 3838 als..
375 3787 404 3838 11,
414 3788 531 3840 aas-aste
552 3801 557 3809 ·
639 3825 642 3830 ⁴
671 3800 673 3806 ·
730 3819 733 3826 ,
841 3781 1001 3839 &¹⁸l¹·¹²li·-
1298 3805 1301 3812 .

273 3827 278 3860 ⁹
294 3862 313 3904 a.
322 3849 350 3895 Vi
358 3853 452 3904 lisura,
461 3847 529 3896 tra-a
542 3839 714 3898 nulladum
723 3843 805 3898 reaas'
866 3869 888 3914 p.
904 3846 990 3903 limare
1014 3846 1055 3902 Dte
1067 3859 1195 3916 electilelas
1210 3818 1322 3904 'sb-sulas

216 3922 218 3928 ·
266 3903 408 3946 muhata·
433 3905 505 3948 saurae
526 3867 679 3964 lampasieas,
700 3922 721 3952 ι.
742 3909 787 3962 ¹5⁸.
841 3890 1234 3966 armatamnalamaamratm,e
1250 3915 1271 3958 11
1303 3876 1363 3958 Vll:

267 3955 430 4014 impurgata&
839 3964 1254 4022 Albasi,a.lar.—Dahorlpbiloalda
1261 3929 1362 4021 illm-n.

267 4037 314 4123 ..⁴⁸
323 4025 472 4084 ΜΝ
484 4026 507 4072 ¹⁴
520 4023 789 4113 mantissimas,
841 4015 919 4063 ollulae.
928 4017 986 4070 blaa„
995 4017 1086 4072 XXXV,
1098 4029 1144 4073 ara.
1175 4107 1178 4116 Α

294 4091 561 4210 libamus..
631 4177 637 4190 .
654 4169 675 4200 a·
841 4101 1364 4226 ωξὴῐπξεκςςφιχςῃιοιω·
1443 4177 1445 4182 ,
