2996 4792
734 153 949 220 ..15-

297 299 397 362 solum
413 298 580 362 sceleratam
599 301 716 384 Coryna
737 287 857 362 caedem
876 298 1064 361 ulcisceretur
1083 299 1135 362 ted
1153 299 1242 362 etiam
1255 298 1390 362 interiec-

253 429 257 436 ·
297 387 372 449 toris
393 386 483 470 ipsius
505 405 626 470 regnum
648 385 790 450 diuideret
812 386 984 472 nominique
1006 387 1140 449 Romano
1164 385 1387 465 submitteret¹;

297 474 353 536 auh
366 475 444 538 idem
463 489 589 557 tempus,
612 475 756 538 Vonones
775 473 959 552 Parthorum,
979 471 1083 537 deinde
1100 474 1307 538 Armeniorum
1323 492 1386 552 rex,

169 574 174 582 ·
297 580 366 624 cum
384 577 509 645 utroque
529 562 606 625 solio
624 562 772 646 depulsus,
791 563 821 624 in
839 560 971 624 Ciliciam
990 559 1135 644 relegatus
1155 575 1242 638 esset,
1263 561 1340 646 sugit
1359 574 1390 625 et

296 647 475 712 Albanorum
492 664 580 734 atque
599 651 832 725 Heniochorum,
851 663 1002 732 postremo
1021 647 1197 732 Scytharum
1214 647 1389 712 solitudines

296 737 391 818 petiit,
406 751 473 819 post
486 757 518 799 se
532 739 697 800 Romanum
715 737 875 821 equitatum
888 737 1033 800 trahena².
1049 735 1106 798 Sed
1123 755 1283 821 numquam
1296 737 1388 800 maio-

295 823 376 886 ribus
388 825 518 887 motibus
526 827 666 888 Barbarae
676 824 742 887 illae
750 838 852 903 gentes
862 825 993 887 turbatae
1002 836 1071 887 aunt
1080 842 1169 908 quam
1177 843 1245 888 cum
1254 823 1389 890 Tiberius

296 910 443 974 Artabano
466 912 639 974 Parthorum
662 912 724 994 regi
747 911 897 972 Tiridaten
920 911 1071 994 opposuit,
1096 911 1178 972 etin
1201 909 1320 974 hostem
1343 923 1389 973 tot

296 999 432 1060 nationes.
443 999 640 1074 conciliauitt,
655 999 780 1083 antiquis
793 996 897 1061 fabulis
911 995 1048 1073 illustres,
1063 999 1094 1059 in
1107 997 1207 1079 primis
1221 997 1345 1060 Hiberos
1359 1011 1389 1061 et

295 1084 425 1147 Albanos
439 1086 488 1170 qui
501 1084 666 1148 ferebantur
679 1103 715 1148 ex
730 1084 840 1147 lasonis
850 1084 938 1146 sociis
948 1103 1011 1146 esse
1021 1085 1099 1161 orti;
1114 1096 1184 1146 tunc
1193 1085 1388 1148 Sarmatarum
1444 1089 1447 1098 ⁴

219 1215 223 1224 ·
296 1190 401 1256 greges
413 1172 543 1256 undique
555 1171 787 1247 effundebantur,
803 1185 955 1256 utramque
968 1185 1081 1256 partem
1093 1172 1198 1250 secuti,
1207 1173 1239 1235 in
1251 1171 1388 1236 caedibus

297 1257 405 1322 laetitia
419 1260 605 1324 exsultantes.
627 1259 748 1344 Aliquot
761 1274 829 1343 post
841 1259 935 1333 annis,
951 1259 1006 1324 sub
1018 1260 1135 1322 Nerone
1148 1259 1251 1323 Albani
1265 1258 1388 1323 deficere

296 1361 328 1410 et
348 1347 485 1412 rebellare
508 1361 687 1431 coeperunt3
710 1347 741 1409 in
763 1365 839 1430 quos
863 1361 995 1430 paratum
1012 1345 1120 1412 bellum
1138 1348 1240 1432 iurgiis
1253 1346 1388 1410 ciuilibus

296 1435 449 1500 remissum
462 1446 535 1500 ect⁴.
550 1437 582 1499 ln
596 1436 652 1500 hos
665 1449 764 1499 autem
779 1434 826 1499 uel
840 1437 940 1521 potius
952 1436 983 1500 in
995 1436 1106 1500 Alanos
1120 1453 1189 1500 cnm
1203 1435 1389 1520 Vologaesus

296 1525 469 1590 Parthorum
491 1547 542 1590 rex
564 1525 780 1610 expeditionem
803 1525 928 1608 parauit,
952 1545 969 1588 a
992 1525 1170 1608 Vespasiano
1194 1525 1260 1610 ipso
1282 1525 1388 1590 ducem

236 1671 239 1678 ,
295 1613 419 1676 alterum
439 1635 477 1678 ex
495 1617 559 1678 eius
578 1614 677 1677 liberis
699 1612 898 1697 depoposcit.
924 1615 991 1677 Non
1015 1615 1104 1698 igitur
1130 1615 1227 1676 mirari
1249 1615 1389 1677 debemur

297 1703 376 1784 quod
396 1701 526 1766 Valerius
547 1703 578 1765 in
600 1700 645 1764 his
667 1699 753 1764 rebus
775 1700 898 1764 libenter
914 1701 1050 1765 institerit
1067 1715 1097 1764 et
1114 1702 1219 1765 Strabo
1238 1703 1290 1764 has
1311 1701 1388 1765 orbis

295 1802 435 1852 terrarum
449 1805 545 1873 partes
558 1791 588 1852 in
603 1789 758 1852 undecimo
776 1787 851 1852 libro
869 1787 993 1852 lucidius
1012 1787 1194 1873 descripserit
1212 1802 1242 1852 et
1259 1791 1390 1852 exactio-
1431 1811 1464 1828 -·

294 1876 373 1940 ribus
392 1876 499 1941 finibus
520 1876 717 1954 concluserit;
744 1895 839 1962 neque
867 1889 966 1940 tamen
987 1890 1074 1960 poeta
1102 1878 1259 1963 quicquam
1287 1876 1322 1939 ab
1350 1895 1388 1940 eo

295 1965 412 2029 uidetur
422 1987 487 2030 esse
500 1979 661 2030 mutuatus.
790 1987 791 1994 ¹
1423 1975 1426 1985 '

334 2055 375 2116 lta
395 2055 556 2119 recentiora
579 2056 628 2118 illa
645 2053 722 2118 iacta
738 2053 922 2138 antiquarum
941 2053 1103 2118 fabularum
1122 2054 1295 2119 memoriam
1310 2051 1388 2138 apud
1456 2087 1461 2100 ·

166 2141 168 2144 ’
295 2143 445 2206 Romanos
463 2156 688 2219 renouauerant,
709 2163 778 2205 narn
796 2143 905 2207 eisdem
924 2143 955 2206 in
972 2142 1046 2206 locis
1059 2142 1109 2207 ubi
1124 2143 1196 2207 olim
1209 2141 1345 2226 Scythiae
1357 2156 1388 2205 et

294 2231 380 2294 Ponti
392 2231 510 2295 accolae
523 2252 591 2296 cum
603 2232 758 2316 praeclaris
770 2233 986 2295 uetustissimae
999 2233 1103 2295 aetatis
1117 2232 1267 2305 heroibus,
1279 2230 1387 2294 Phrixo

293 2334 324 2382 et
337 2323 438 2384 laone
451 2337 481 2383 et
494 2323 575 2404 Cyro
590 2322 696 2384 uersati
714 2341 777 2384 esse
796 2321 976 2396 dicebantur,
997 2341 1075 2384 nunc
1095 2322 1219 2384 Romani
1234 2319 1309 2382 bella
1322 2340 1388 2382 mo·

295 2408 400 2473 nebant
420 2423 452 2472 et
471 2411 662 2474 barbarorum
681 2423 860 2494 potestatem
881 2424 1012 2472 euertere
1030 2408 1221 2487 conabantur,
1242 2408 1344 2472 odium
1358 2421 1388 2472 et

134 2533 139 2540 ·
236 2493 239 2498 ’
294 2498 430 2562 inuidiam
450 2500 527 2562 inter
546 2501 635 2562 duces
656 2511 685 2561 et
704 2498 832 2582 populos
848 2497 1010 2562 'artificiose
1029 2512 1168 2562 terentes.
1190 2501 1287 2583 Atque
1309 2496 1388 2561 haud

293 2589 367 2650 adeo
386 2587 509 2672 longum
529 2602 599 2671 post
619 2601 747 2671 tempus,
769 2586 865 2650 eidem
886 2585 926 2650 illi
941 2587 1069 2664 Barbari,
1084 2608 1101 2651 e
1115 2588 1175 2650 suis
1188 2586 1306 2651 latebris
1319 2606 1389 2669 pro-

292 2675 394 2757 gressi,
408 2675 563 2757 imperium
577 2677 743 2738 Romanum
758 2674 940 2738 subuertent.

159 2816 166 2828 .
205 2775 207 2779 '
332 2763 409 2825 Cum
432 2764 521 2846 igitur
541 2761 673 2826 Valerius
696 2781 813 2826 carmen
836 2783 923 2824 suum
946 2775 1151 2846 componeret,
1175 2763 1233 2824 iant
1262 2763 1387 2825 Romani

294 2849 428 2932 regiones
449 2849 511 2913 illas
532 2851 683 2934 explorare
706 2864 737 2912 et
760 2869 827 2913 cum
846 2849 982 2934 gentibus
1000 2850 1070 2934 ipsis
1088 2849 1197 2912 uersari
1216 2863 1384 2933 coeperant.
1448 2877 1450 2884 ¹

295 2939 405 3014 Quare,
419 2940 472 3001 etsi
485 2939 665 3022 geographia
679 2959 783 3020 parum
796 2937 1004 3015 delectabatur,
1019 2938 1185 3021 aequalium
1193 2956 1316 3000 suorum
1325 2951 1388 2998 stu·

296 3024 346 3088 dio
359 3041 389 3089 et
407 3027 497 3089 menti
517 3025 740 3090 adsentiebatur.
762 3025 914 3100 Ceterum,
930 3026 1010 3110 quod
1025 3045 1096 3088 mox
1109 3022 1385 3101 demonstrabimus,

296 3113 428 3176 Inonem
442 3133 510 3177 curn
524 3114 574 3178 tali
593 3114 680 3178 hoste
697 3114 922 3189 committendo,
938 3113 1042 3177 Graeci
1060 3113 1142 3176 ducis
1156 3111 1280 3197 gloriam
1295 3111 1388 3175 extol·

295 3199 382 3266 lebat.
397 3204 470 3279 Quo
482 3203 593 3268 iactum
607 3217 698 3268 estut
710 3217 800 3289 poeta
813 3203 888 3267 hanc
902 3204 1000 3286 operia
1013 3203 1059 3267 sui
1073 3215 1185 3286 partem
1198 3200 1387 3286 amplificaret

295 3309 314 3350 a
346 3307 383 3352 ue
397 3305 523 3352 ornaret.

205 3381 207 3386 ’
313 3302 402 3439 tlion
426 3378 547 3441 eandem
575 3391 673 3441 mente
699 3379 839 3462 concepit
857 3377 992 3461 Scythiae
1014 3379 1173 3463 imaginem
1197 3396 1286 3462 quam
1315 3377 1387 3439 olim

296 3464 483 3542 Herodotus;
501 3466 581 3548 quod
603 3483 620 3528 e
640 3466 771 3548 mutium
783 3467 1011 3530 enumeratione
1029 3484 1103 3548 quae
1115 3467 1227 3528 Aeeten
1238 3479 1269 3527 et
1282 3464 1388 3526 Persen

295 3564 467 3635 sequuntur,
488 3551 618 3635 intellegi
637 3552 763 3636 potest‘.
785 3551 836 3616 lile
855 3554 935 3617 enim
956 3553 1108 3637 regionem
1130 3551 1260 3638 augustis
1282 3550 1388 3614 limbus

295 3637 561 3723 circumscripserat.
583 3641 633 3726 qni
659 3660 720 3704 non
750 3639 840 3725 longe
871 3641 947 3704 ultra
973 3640 1085 3725 Lycum
1112 3641 1225 3705 flumen
1250 3653 1280 3704 et
1310 3637 1390 3724 Aga·

177 3733 182 3739 '
294 3725 464 3808 thyrsorum
484 3728 634 3792 nationem
654 3727 807 3792 latitudine
829 3727 983 3792 Orientem
1010 3742 1041 3792 et
1067 3728 1260 3792 Occidentem
1286 3745 1388 3792 uersus

323 3962 344 3998 t.
352 3952 434 3998 rtem
443 3953 544 4006 Anah,
554 3953 584 4007 ii,
595 3964 635 4009 ι-ς,
644 3955 669 4010 ‘l
678 3967 726 4013 sqq.
866 3966 888 4009 4.
898 3955 979 4000 Taeter
986 3952 1101 4006 Πίσων,
1111 3953 1129 4006 1,
1138 3955 1160 3999 6.
1168 3897 1346 4002 serrandum,
1354 3963 1388 4008 aa,

323 4023 434 4070 artem
443 4025 583 4077 inludi.
594 4027 671 4080 5⁸,st
870 4035 889 4078 ς.
900 4023 1200 4076 C.⁸urrouttlim‘ttam,
1211 4037 1230 4070 a.

324 4075 681 4152 armabant-‚uanae
868 4091 1192 4150 cunrat-...tumre

378 4199 381 4205 .
420 4173 427 4196 ¹>
450 4168 454 4179 ’
476 4174 483 4200 l
512 4193 520 4205 ι.
