2996 4792
828 725 950 820 1v‘

246 985 250 992 ’
358 996 430 1091 si.
452 999 500 1065 lle
522 971 811 1067 caerimoniam
833 1003 868 1062 et
893 1016 1073 1064 mororum
1096 969 1340 1082 desorlptione.

503 1127 506 1132 ⁵
564 1145 636 1238 52.
660 1148 708 1214 ile
729 1147 951 1232 antiquitatis
972 1147 1132 1212 seientia.
1219 1139 1222 1145 ’
1300 1165 1304 1174 ·

302 1407 364 1492 ς
381 1408 564 1472 1.—Plune
578 1408 679 1472 eadem
698 1421 743 1471 est
759 1407 852 1470 Latini
865 1419 969 1512 poetae
984 1405 1058 1469 ratio
1072 1424 1140 1469 enm
1154 1404 1308 1489 religiosos
1323 1405 1393 1469 ritus

242 1515 244 1518 ’
303 1506 340 1559 et
348 1516 442 1559 sacras
456 1517 645 1560 caenmomas
657 1495 783 1579 attingit
798 1495 923 1558 maxime
922 1491 1075 1558 aGraeco
1085 1493 1216 1557 diuersus
1219 1513 1288 1578 qut
1297 1513 1394 1557 rerum

305 1583 470 1647 'diuinarum
488 1583 684 1690 descriptione
705 1584 892 1648 uehementer
915 1581 1084 1646 delectatur
1104 1577 1192 1658 Quot
1214 1581 1291 1665 apud
1313 1581 1395 1646 illum

308 1693 388 1736 sacra
391 1674 549 1758 ,quotiens
562 1687 748 1736 exstruuntur
760 1686 790 1735 et
802 1672 914 1735 sumant
926 1691 992 1734 arae
1002 1673 1010 1734 l
1020 1673 1059 1734 At
1062 1669 1162 1754 ,quod
1172 1683 1216 1734 eat
1227 1670 1393 1748 notabilius,

242 1821 244 1826 .
309 1775 413 1824 eunom
431 1781 528 1843 presse
545 1774 575 1822 et
592 1760 740 1824 enucleate
759 1760 906 1833 discernit,
920 1758 1028 1821 nedum
1042 1757 1114 1820 haec
1128 1778 1229 1840 parum
1242 1772 1345 1821 cautus
1358 1758 1395 1820 ad

305 1845 468 1910 ¹ornandam
488 1848 638 1910 materiam
657 1861 753 1910 sumat
772 1860 802 1910 et
823 1847 940 1930 poetico
960 1844 1060 1910 colore
1073 1844 1202 1908 imbuat·
1195 1860 1305 1928 ;atque
1319 1844 1394 1908 adeo
1445 1863 1463 1890 ‘t

310 1935 429 2020 singulis
455 1937 524 1998 Deis
548 1934 679 2020 singulos
699 1936 770 1999 ritus
797 1934 966 1998 tribuendos
989 1947 1081 1997 curat.
1105 1895 1224 2009 Quanla
1248 1933 1395 2016 diligentia

225 2027 228 2033 '
310 2025 408 2086 omnia
421 2023 487 2086 loca
499 2037 649 2086 enumerat
661 2024 692 2086 in
706 2022 809 2104 quibus
824 2023 983 2106 praecipuis
998 2021 1157 2085 honoribus
1168 2021 1312 2085 Poseidon
1323 2021 1398 2084 coli-

222 2134 224 2138 ’
309 2115 392 2174 tur¹i
407 2113 485 2174 Cum
497 2113 681 2194 Argonautae
694 2111 891 2194 Dindymenae
904 2111 988 2174 matri
1006 2109 1177 2185 sacrificant,
1194 2123 1282 2193 poeta
1300 2129 1394 2194 neque
1420 2191 1422 2196 Δ
1450 2125 1452 2132 ’

311 2219 447 2284 querceae
460 2211 613 2278 coronas²,
627 2220 722 2284 neque
737 2201 915 2284 strepitantia
928 2220 994 2264 aera
1007 2201 1117 2264 omisit.
1130 2201 1213 2275 Quin
1225 2199 1394 2284 ingeniosus

311 2289 358 2353 ille
372 2290 547 2374 antiquitatis
562 2289 712 2374 indagator
726 2309 843 2353 omnem
857 2289 938 2353 illum
951 2289 1099 2352 fremitum
1112 2290 1142 2352 in
1156 2289 1201 2352 his
1210 2289 1297 2352 sacris
1306 2289 1397 2351 usita-

310 2392 373 2440 tum
387 2399 422 2440 ex
437 2398 473 2440 eo
488 2379 655 2460 prouenisse
669 2379 878 2443 demonstrauit
892 2379 970 2462 quod
984 2392 1052 2460 post
1067 2378 1166 2462 Cyzici
1179 2377 1298 2440 caedem
1312 2378 1395 2440 lason

310 2465 483 2542 sacrificans,
499 2487 535 2530 ne
548 2466 675 2531 infausto
689 2469 786 2530 omine
800 2487 867 2530 arae
879 2466 1072 2543 turbarentur,
1083 2465 1243 2531 Dolionum
1254 2465 1396 2529 clamores

311 2569 341 2617 et
352 2556 477 2637 gemitus
491 2554 549 2617 boc
566 2555 658 2618 modo
673 2556 878 2638 intercepisset.
896 2557 997 2638 Longe
1010 2569 1108 2618 autem
1122 2555 1176 2617 alia
1191 2555 1303 2636 species
1316 2553 1397 2616 uide-

309 2656 358 2704 tur
366 2661 429 2704 csse
438 2643 536 2716 sacris,
547 2663 621 2726 quae
629 2642 846 2725 proficiscentes
854 2645 1040 2725 Argonautae
1049 2641 1176 2726 Apollini
1185 2640 1398 2721 iaciunt3haee

310 2730 385 2793 cla're
405 2745 522 2813 apparet
541 2751 601 2794 non
622 2729 719 2793 solum
739 2751 755 2793 e
774 2730 1033 2813 supplicationibus
1049 2730 1100 2794 sed
1113 2731 1233 2793 etiame
1251 2731 1397 2792 uiscerum

310 2819 515 2882 obseruatione
535 2819 726 2882 constitisset.
749 2819 880 2900 Denique
900 2837 968 2882 cum
988 2819 1056 2882 huic
1076 2819 1171 2881 eidem
1191 2821 1254 2881 Deo
1272 2819 1303 2880 in
1316 2815 1398 2900 Tity-

310 2905 395 2968 niade
409 2907 500 2969 insula
514 2927 592 2968 aram
606 2919 730 2990 ponunt,
746 2927 806 2970 non
819 2907 880 2970 sine
894 2907 1018 2970 consilio
1032 2905 1206 2989 significauit
1221 2919 1309 2987 poeta
1321 2905 1398 2968 ieras

311 2994 435 3079 capellas
448 2996 484 3059 ab
497 2993 633 3059 heroibus
644 3015 710 3058 esse
724 3009 874 3072 mactatas,
888 3015 956 3058 sane
974 2995 1042 3079 quia
1060 2993 1169 3058 ferebat
1188 2991 1285 3056 sabula
1302 2995 1397 3076 iugo-

311 3097 414 3147 nautas
436 3084 541 3170 quibus
560 3084 692 3147 deessent
713 3082 891 3147 domesticae
914 3083 1067 3160 uictimae,
1092 3103 1109 3146 a
1136 3081 1285 3145 communi
1314 3101 1397 3145 more

311 3171 461 3256 paululum
482 3171 629 3237 discedere
652 3172 804 3252 debuisse;
826 3172 867 3236 ibi
888 3172 976 3236 etiam
998 3173 1086 3236 sacris
1102 3172 1182 3255 'ipsis
1208 3169 1338 3249 additur,
1363 3184 1396 3234 ut

197 3276 201 3282 ·
312 3262 407 3338 decet,
417 3271 503 3346 poton
517 3281 605 3347 quem
618 3261 694 3326 canit
708 3261 854 3345 Orpheus,
869 3263 924 3324 Dei
937 3261 1037 3325 laudes
1050 3261 1225 3326 celebrans⁴.

349 3353 452 3435 Neque
468 3371 536 3416 cum
554 3353 590 3415 de
609 3353 736 3416 ilecatae
753 3351 841 3415 sactis
854 3350 945 3414 fusius
958 3349 1104 3428 disseruit,
1119 3364 1230 3434 septem
1243 3350 1305 3414 illas
1318 3349 1398 3413 lana-

310 3440 407 3504 tionea
429 3440 477 3504 nel
499 3442 611 3524 nigram
633 3456 764 3520 uestem,
779 3440 828 3504 uel
848 3439 968 3512 fossam,
993 3440 1040 3503 uel
1066 3460 1174 3524 rogum
1201 3459 1235 3503 ac
1261 3439 1397 3504 libamina

312 3529 439 3596 omisitt.
454 3529 589 3594 Minimas
602 3549 720 3616 quoque
733 3549 779 3592 ree
797 3531 829 3603 in
845 3541 1011 3593 transcursu
1030 3544 1146 3608 notans,
1161 3530 1322 3594 hostiarum
1334 3528 1397 3594 illas

312 3619 457 3724 linguas
448 3617 646 3684 mandentem
668 3639 760 3697 aram,
784 3621 908 3684 Hermae
928 3618 1058 3703 placandi
1082 3638 1180 3696 causa,
1203 3618 1258 3682 sub
1278 3632 1397 3682 noctem

312 3708 414 3784 iactas,
431 3722 464 3771 ut
481 3707 585 3772 Graeci
602 3707 735 3772 solebant
752 3727 820 3772 cunt
838 3708 969 3773 cubitum
982 3708 1061 3771 ibant
1064 3707 1214 3792 ,quadam
1227 3705 1333 3771 mentis
1347 3705 1399 3770 de·

312 3794 468 3861 lectatione
484 3796 657 3862 memorat‘.
674 3796 779 3862 Nonne
797 3797 911 3862 curauit
927 3810 962 3861 ut
978 3754 1092 3860 ldmolti
1109 3809 1140 3860 et
1158 3798 1265 3879 Mopso
1284 3790 1398 3860 uatibus

312 3884 469 3991 pemliares
492 3886 597 3972 cuique
618 3901 712 3972 partes
732 3885 872 3952 tribueret
892 3900 922 3951 et
944 3885 993 3951 bic
1014 3885 1050 3950 de
1070 3885 1170 3950 auium
1191 3885 1398 3950 tamtummodo

267 4117 271 4124 ·
340 4099 663 4158 umbraclum„
905 4099 979 4156 μὴ
989 4098 1121 4155 iluimu-

337 4147 844 4232 ιιιιζιιιιριιιηιωιιιιιιμιω
908 4169 1142 4228 s··1·.·111.uss·n

340 4240 542 4327 ptumam
709 4297 712 4306 ¹
908 4237 1164 4298 6.1a,1,5rpet.iriai.
1226 4294 1227 4298 Ἰ
