2970 4802
731 315 968 366 -tto-

266 495 267 498 ι
291 467 390 530 quarn
402 447 574 530 Apollonius
587 445 710 522 induxit,
726 459 755 508 et
769 443 887 528 paulum
901 445 981 507 abest
994 444 1065 528 quin
1074 444 1111 506 ad
1120 463 1211 507 unum
1220 445 1251 505 in
1260 457 1397 526 poemate

291 549 421 616 agentes
433 534 647 617 conspiciantur
660 535 835 618 quicumque
852 535 963 596 Romae
977 533 1007 594 in
1025 531 1144 595 delubra
1161 531 1279 594 admissi
1300 545 1330 595 et
1344 551 1397 614 pu·
1420 581 1422 586 .

291 621 384 686 blicis
397 623 484 686 sacris
497 636 578 686 erant
590 621 740 686 honorati.
755 621 816 685 lllic
829 620 911 684 adest
928 639 1112 684 summorum
1129 622 1260 682 Deorum
1272 639 1396 698 corona,

234 739 238 747 ·
290 711 358 776 illic
372 714 447 776 inter
459 731 490 776 se
503 711 712 796 colloquuntur
725 709 772 775 uel
785 712 940 793 seperatim
960 709 1113 774 hominum
1132 729 1234 773 sensus
1252 728 1396 793 quocum·

293 821 358 884 que
371 801 527 864 uoluerunt
545 801 709 884 impellunt.
724 800 780 883 lpsi
799 819 918 882 quoque
934 798 1099 862 iracundiae
1113 797 1161 862 uel
1175 797 1396 862 beneuolentiae

294 889 450 964 cedentes,
472 890 570 952 uarios
590 889 679 951 edunt
698 885 829 951 affectus.
850 889 906 950 Pro
926 907 978 950 sua
995 887 1118 972 quisque
1139 886 1291 950 uoluntate
1310 905 1396 969 agere

294 977 436 1040 uidentur
449 978 575 1061 luppiter
589 989 619 1038 et
631 979 704 1039 luno
719 990 748 1038 et
761 973 853 1038 Pallas
865 989 896 1038 et
907 977 1007 1038 Venus
1020 988 1050 1038 et
1063 969 1217 1058 Neptunus
1230 989 1260 1037 et
1273 973 1395 1056 Cybele,

294 1077 388 1147 atque
402 1065 488 1127 etiam
503 1063 598 1147 plures
611 1063 751 1138 minores,
767 1061 865 1146 quales
879 1064 956 1125 Mars
969 1075 999 1126 et
1010 1065 1118 1125 Boreas
1132 1075 1161 1125 et
1174 1063 1236 1127 Sol.
1248 1063 1287 1124 Αι
1300 1080 1396 1145 neque

294 1151 429 1234 Apollini
442 1171 536 1236 neque
549 1151 651 1214 Amori
665 1152 833 1235 praecipuas
847 1165 942 1233 partes
959 1151 1087 1214 tradidit.
1103 1151 1171 1212 Non
1189 1149 1280 1213 semel
1298 1162 1396 1212 tamen

207 1238 211 1243 ’
296 1253 479 1302 memoratur
492 1239 657 1323 splendidus
671 1239 719 1302 ille
733 1240 840 1301 Diame
851 1237 953 1316 irater;
963 1239 1056 1300 immo
1064 1238 1182 1322 fingitur
1191 1238 1220 1302 in
1231 1237 1285 1301 hac
1294 1237 1396 1300 canni·

296 1328 345 1390 nis
362 1341 443 1411 parte
460 1330 562 1391 louem
582 1327 771 1410 compellans,
787 1326 834 1389 ubi
855 1341 955 1410 poeta,
975 1341 1055 1390 extra
1075 1341 1280 1412 argumentum
1299 1326 1395 1411 ipsum

201 1453 205 1459 ·
296 1415 444 1501 paulisper
456 1416 593 1492 euadens,
608 1414 740 1478 Herculis
754 1414 899 1498 praeclara
913 1415 1043 1479 facinora
1056 1430 1086 1478 et
1099 1415 1307 1478 Prometheum
1325 1414 1396 1478 libe·

296 1518 395 1568 samm
414 1505 536 1583 reiert¹;
558 1505 610 1568 sed
630 1505 661 1567 in
681 1503 831 1569 flectendis
850 1504 1089 1590 impellendisque
1105 1505 1193 1569 rebus
1211 1504 1318 1569 nullius
1334 1503 1395 1567 iere

296 1595 440 1657 momenti
453 1608 496 1658 est
509 1593 556 1658 iile
570 1597 661 1670 Deus,
671 1593 759 1656 futuri
772 1595 986 1677 praenuntiua².
998 1597 1091 1658 Amor
1099 1609 1198 1658 autem
1208 1594 1292 1679 plane
1300 1593 1392 1667 abest,

298 1703 394 1768 neque
414 1685 520 1768 sagitta
539 1683 610 1760 ulla,
631 1703 683 1766 per
700 1703 768 1747 aera
784 1684 919 1761 stridens,
937 1685 996 1748 acri
1017 1685 1136 1768 cuspide
1155 1685 1274 1770 uirginis
1293 1695 1395 1767 pectus

299 1773 441 1838 transfixit
453 1799 461 1853 ;
475 1775 526 1838 sed
540 1788 572 1836 ut
585 1778 729 1839 Amorum
742 1775 886 1838 exercitus
899 1775 995 1838 obiter
1007 1775 1206 1858 describitura
1222 1773 1262 1838 ita
1274 1774 1395 1838 Veneris

299 1884 374 1926 aona
392 1884 481 1948 quam
500 1866 573 1925 luno
592 1863 685 1926 induit
704 1865 827 1926 eandem
844 1863 924 1926 illam
942 1865 1002 1927 uim
1021 1879 1135 1928 exercet
1153 1884 1186 1926 ac
1207 1864 1396 1926 uehementer

299 1952 419 2016 Medeae
441 1949 563 2014 affectus
584 1952 723 2016 concitat.
742 1953 803 2015 Nec
823 1951 931 2015 mirum
951 1966 996 2016 est
1017 1954 1096 2036 quod
1116 1953 1287 2037 neglegatur
1308 1953 1393 2029 Eros,

176 2065 185 2081 ·
274 2043 369 2126 ·quia
384 2060 453 2104 eum
473 2041 576 2104 Graeci
597 2041 690 2124 magis
715 2061 801 2125 quam
824 2041 948 2105 Romani
973 2040 1118 2107 colebant.
1141 2045 1219 2104 Mars
1241 2057 1344 2104 contra
1366 2053 1396 2104 et

262 2173 270 2180 -
298 2131 452 2211 Neptunus
470 2129 576 2212 primas
591 2145 687 2213 partes
707 2127 832 2192 habituri
850 2143 944 2206 erant,
963 2150 1090 2213 quorum
1110 2131 1188 2194 hunc
1207 2144 1268 2193 tam
1289 2131 1395 2193 arduae

298 2218 479 2300 nauigationi
491 2218 521 2280 in
533 2217 647 2299 imperii
662 2218 707 2280 sui
721 2217 825 2280 finibus
839 2231 972 2300 peractae
986 2219 1138 2281 consulere
1151 2219 1301 2294 decebau,
1311 2217 1395 2281 illum

300 2321 411 2382 autem,
422 2320 456 2368 ut
465 2305 762 2368 summumbellorum
769 2306 990 2383 concitatorem,
1000 2307 1129 2369 Orientis
1137 2321 1166 2370 et
1174 2307 1395 2390 septemtrionis

299 2393 431 2456 Barbaria
446 2393 580 2476 gentibus
590 2393 667 2455 bello
677 2393 826 2456 acerrimis
836 2394 961 2458 sanares.
977 2395 1029 2457 Sol
1037 2394 1304 2478 ipse,Colchorum
1317 2395 1395 2477 regia

298 2496 392 2566 pater,
408 2502 468 2544 non
481 2481 607 2544 alienam
620 2501 637 2544 a
651 2501 684 2544 se
696 2483 848 2544 aestimare
862 2496 976 2565 poterat
990 2484 1072 2566 regni
1086 2483 1163 2546 illius
1175 2482 1353 2556 fortunam⁶.

338 2574 382 2633 Ex
395 2571 454 2634 hoc
473 2571 539 2653 ipso
557 2572 672 2633 coicere
689 2569 758 2633 licet
777 2585 884 2654 quanta
904 2589 972 2632 cura
991 2574 1121 2635 Deorum
1138 2573 1285 2635 actionem
1304 2571 1395 2655 expli·

299 2659 419 2721 canerit.
433 2661 502 2722 Non
516 2679 585 2720 sane
598 2659 687 2722 diuini
702 2659 853 2721 cuiusdam
871 2659 998 2722 numinis
1015 2659 1179 2742 interpositi
1198 2660 1393 2743 descriptione

298 2746 437 2822 abutitur,
452 2745 775 2830 sedquotienscumque
788 2748 841 2809 Dei
855 2749 885 2809 in
899 2767 1016 2808 scenam
1028 2747 1215 2824 inducuntur,
1229 2761 1262 2811 ut
1271 2749 1395 2831 amplior

255 2827 259 2833 ’
300 2847 330 2897 et
341 2833 446 2897 elatior
458 2831 491 2896 tit
504 2835 610 2911 oratio,
625 2834 665 2896 ita
681 2833 772 2896 maior
787 2848 816 2897 et
832 2833 974 2896 illustrior
990 2835 1129 2918 cuiusque
1143 2835 1184 2896 rei
1202 2835 1324 2918 species.
1340 2835 1394 2898 llis

300 2923 378 2983 enim
390 2921 494 2984 ubutis
507 2940 578 3005 quas
592 2922 687 3005 pingit
699 2920 888 2984 uehementer
899 2921 962 3004 ipse
976 2922 1147 2998 delectatus,
1158 2923 1242 2999 nihil,
1257 2937 1290 2984 ut
1302 2921 1394 3006 Apol·

214 3055 218 3064 ,
299 3008 408 3085 ionius,
433 3008 550 3071 breuius
570 3008 733 3086 adumbrat,
755 3009 806 3072 sed
826 3008 915 3072 lineas
936 3023 966 3072 et
985 3009 1101 3073 colores
1124 3023 1191 3093 apte
1210 3009 1313 3072 uariat.
1337 3011 1393 3073 llic

300 3096 391 3160 Pallas
405 3113 511 3158 nauem
525 3097 633 3158 exstrui
647 3095 727 3159 iubet
741 3110 771 3158 et
782 3099 893 3179 rugum
908 3095 1067 3181 ipsumper
1079 3098 1166 3160 siluas
1180 3097 1272 3174 ducit,
1285 3112 1319 3160 ut
1335 3096 1395 3162 lec·

299 3184 411 3246 tissima
424 3185 503 3267 ligna
520 3185 662 3247 excidatl.
678 3186 772 3246 lmmo
791 3185 907 3268 utrique
926 3186 1057 3248 eiusdem
1073 3184 1154 3248 nauis
1172 3184 1254 3248 lateri
1272 3183 1393 3272 delicata

299 3291 387 3335 manu
400 3273 493 3356 pictas
507 3272 648 3354 imagines
662 3271 756 3349 addit3
767 3286 796 3335 at
810 3273 959 3355 prudentis
968 3275 1046 3336 Deae
1060 3273 1140 3336 socia
1153 3286 1183 3336 et
1196 3273 1311 3336 aemula
1319 3273 1391 3336 luno

299 3379 403 3423 omnes
424 3361 564 3424 Graeciae
585 3373 680 3443 partes
699 3361 809 3438 inuisit,
829 3374 862 3424 ut
883 3362 988 3425 heroas
1006 3363 1127 3426 suscitet
1144 3374 1232 3448 atque
1251 3363 1283 3426 in
1300 3382 1393 3426 unum

299 3462 461 3532 congreget
473 3462 513 3524 et,
529 3462 563 3511 ut
575 3451 615 3510 ita
628 3449 734 3522 dicaam
744 3449 939 3512 conscribat&

326 3651 346 3686 t.
355 3639 450 3686 'matt
460 3641 550 3698 lapsa„
557 3634 597 3692 Ν,
607 3639 676 3684 6148.

525 3807 598 3848 iissem
609 3765 913 3864 “ahana-pp&
922 3767 1134 3864 gewasserte..

527 3858 585 3901 Dent
594 3859 703 3902 hominnm
713 3868 735 3900 at
750 3871 777 3900 ua
786 3861 826 3915 lpal
836 3861 877 3901 lan
886 3869 908 3902 ta
926 3869 985 3916 pater
993 3873 1007 3902 ο
1022 3863 1081 3906 uua.
1091 3871 1202 3920 nentes&

527 3910 633 3968 Fessaque
642 3923 690 3954 ean
699 3912 740 3955 aila
749 3925 759 3953 a
768 3920 831 3955 orant
838 3913 895 3969 laga.
905 3889 943 3957 in
951 3913 990 3956 tibi
1009 3923 1079 3956 urtam
1119 3915 1121 3920 '

528 3963 587 4022 ignia
595 3975 617 4008 aa
627 3965 732 4009 assidua
740 3964 826 4008 &inea
835 3963 919 4009 nisena
927 3977 1019 4010 naam.

236 4057 241 4066 -
272 3995 501 4090 *ananam-
892 4036 1100 4094 suntin-n·

327 4093 549 4162 DffilVlolflqi·
761 4167 763 4175 ,
896 4116 967 4172 plut,
978 4115 1079 4171 lys-963
1090 4127 1183 4171 swano.
1226 4141 1228 4145 ·

325 4173 530 4234 abalim·
874 4195 1088 4252 ἰιιηιςι-ιη.

327 4244 653 4303 ιῑιιῐωιιύσιμῑι·
677 4247 692 4274 ·’
1162 4275 1169 4285 -
