2970 4802
510 267 751 316 -iii-

264 397 301 454 At
312 399 381 456 luno
395 397 535 472 Argolicas
549 399 645 472 pariter
659 399 793 454 Macetum
811 401 845 452 tie
860 410 908 468 per
920 390 999 451 urbe'a

265 469 380 543 Spargit,
396 473 546 543 inexpertos
558 480 689 540 temptare
703 469 804 552 parenti
824 482 855 521 us
869 477 972 521 austros

264 540 580 688 wilielmi
593 535 985 686 {institituit

80 780 138 842 Sed
151 780 218 842 uide
233 794 374 865 qnantum
387 779 423 843 ab
442 781 525 844 initio
545 778 643 863 operis
657 773 838 862 praeclarum
855 775 927 840 illud
944 777 1179 859 Argonautarum

80 867 191 932 lacinus
206 870 284 932 Deos
294 887 417 931 mouere
425 869 574 946 uideatur;
586 887 654 930 nam
667 867 716 930 ubi
731 867 859 949 primum
873 864 928 928 uiri
941 865 979 926 de
992 877 1066 927 terra
1080 864 1180 927 deces-
1251 911 1258 922 .
1466 917 1469 927 .

80 969 191 1032 serunt,
210 956 246 1018 ad
264 958 367 1019 ionem
384 956 466 1020 adest
483 958 546 1040 ipse
561 954 615 1018 Sol
634 956 684 1038 qui
703 955 780 1017 iouis
800 953 979 1016 iracundiam
999 953 1030 1014 in
1049 952 1179 1016 Graecos
1279 1005 1289 1017 .
1393 1017 1399 1024 ,
1453 947 1481 1026 ζ’

80 1043 227 1107 concitare
241 1057 383 1120 conatur;
397 1045 469 1108 nihii
483 1043 560 1108 illius
574 1043 711 1106 oratione
725 1043 855 1126 grauius,
867 1045 929 1126 qui,
940 1059 1010 1103 cum
1023 1041 1060 1104 de
1073 1039 1124 1104 lilii
1133 1040 1179 1106 sni
1282 1083 1285 1088 -

79 1145 225 1217 potestate
239 1131 404 1208 sirannus,
419 1132 624 1197 abdominum
642 1133 831 1215 Deornmque
846 1143 925 1213 patre
939 1129 1013 1214 petit
1025 1141 1058 1192 ot
1072 1148 1178 1194 nauem

79 1222 116 1283 ad
130 1223 308 1308 Pagasaeum
322 1221 390 1285 litua
403 1223 536 1286 reducat¹
550 1245 559 1300 ;
572 1222 650 1283 Mars
669 1220 841 1298 adsentitur,
857 1218 885 1281 in
900 1218 983 1282 cuins
997 1217 1067 1282 luco
1083 1218 1179 1301 splen-

80 1309 130 1373 det
149 1328 269 1373 aureum
288 1311 381 1374 uellus
401 1325 431 1373 et
454 1311 503 1394 qui
522 1330 593 1374 mor
612 1309 724 1392 ingenti
743 1308 832 1372 animi
851 1309 1004 1372 atrocitate
1022 1307 1131 1396 Aeetae
1149 1319 1178 1370 et
1285 1309 1291 1315 '
1391 1388 1395 1394 ⁵
1424 1355 1471 1399 „h

79 1397 270 1463 iiarbarorum
283 1419 400 1464 causam
413 1413 457 1463 est
471 1413 617 1463 oraturus.
633 1401 744 1462 Interea
764 1398 871 1460 iioress
892 1397 982 1460 iratus
998 1397 1079 1481 quod
1099 1395 1179 1460 naui·
1257 1433 1259 1438 ·
1319 1399 1341 1446 Ἀ

79 1500 196 1573 gatores
215 1480 302 1552 suun'r
321 1489 476 1572 imperium
494 1503 635 1552 temerare
653 1487 716 1550 ausi
734 1486 803 1563 sint,
824 1485 860 1550 ab
879 1485 975 1549 Aeolo
993 1485 1130 1571 impetrat
1146 1499 1180 1549 nt
1251 1539 1256 1552 .
1452 1485 1470 1522 ··'

79 1591 197 1656 uentos,
214 1577 403 1661 compedibus
417 1576 566 1656 liberatos,
581 1577 611 1640 in
625 1578 863 1661 Argonautarum
881 1575 1111 1639 internecionem
1127 1593 1179 1660 per

79 1684 158 1730 mam
172 1667 297 1733 emittat.

261 1847 383 1920 Pangaea
395 1845 467 1920 qnod
481 1800 514 1902 alr
527 1861 589 1901 arce
601 1843 686 1912 nefas,
702 1847 748 1912 ait,
764 1843 860 1912 Aeole,
875 1845 930 1900 uidi
944 1845 951 1900 l

261 1917 344 1975 Graia
358 1933 459 1974 nouam
473 1917 544 1974 ierro
559 1916 660 1974 molern
676 1927 830 1973 commenta
844 1916 969 1973 inuentus

261 1989 351 2062 Pergit
361 1989 413 2076 'et'
452 1990 506 2045 enti
520 1989 640 2076 gaudens
655 1988 748 2045 domat
759 1987 959 2114 aeqqoraonelq

260 2059 316 2114 Nec
330 2059 431 2115 melitii
490 2075 519 2115 as
535 2057 783 2116 lmsslretatoilere
834 2065 974 2117 renrs².·....

77 2233 134 2296 Sed
147 2233 311 2315 Neptunus,
325 2253 343 2295 a
357 2233 476 2296 ntitibus
490 2233 621 2297 consiliis
635 2233 717 2298 nullo
732 2235 824 2297 modo
839 2233 1008 2311 abhorrens,
1019 2235 1138 2297 iunonis
1147 2246 1191 2316 et

76 2323 226 2384 Mineruae
240 2334 312 2384 uota
324 2323 449 2404 capessit
463 2336 493 2386 et
507 2342 684 2407 quamquam
703 2343 719 2386 e
738 2323 894 2406 nauigandi
912 2336 973 2386 arte
992 2322 1084 2385 multa
1101 2321 1177 2385 maia

76 2410 107 2473 in
130 2408 299 2472 mortalium
318 2429 412 2494 genus
435 2412 614 2474 exundatnra
634 2411 793 2495 praesentit
812 2413 871 2474 iam
890 2425 954 2475 tunt
977 2409 1176 2476 misericordia
1210 2467 1212 2472 ,

76 2512 245 2560 commotus
260 2497 385 2561 turbidas
399 2498 491 2561 undas
506 2497 600 2582 placat
613 2519 779 2583 nauemque
793 2513 890 2562 seruat
903 2500 1057 2584 integram,
1180 2510 1183 2517 '

257 2751 472 2881 {lfflffllff'
489 2726 583 2826 inquit,
592 2681 996 2838 ἰἷιίιὶἔῖῗιιειςιτιῃέιὴ1ρῖἐᾞιιῑιωέἰουιΙ

73 2997 176 3082 Neque
190 3013 288 3062 autem
302 3019 380 3077 raro,
396 3011 553 3082 postquam
567 2999 675 3082 nauigii
693 3001 781 3062 initiis
798 3000 882 3078 fauit,
894 3003 1037 3064 iunonem
1050 3001 1175 3085 reperias

74 3086 321 3164 intercedentem
339 3089 482 3150 continuo
500 3088 579 3149 enim
597 3107 683 3170 agere
702 3087 788 3164 solet,
803 3103 892 3170 prout
911 3089 1114 3154 beneuolentia
1127 3089 1175 3152 uel

74 3173 144 3237 odio
164 3174 308 3250 afficitnr;
327 3194 394 3237 nam
412 3174 484 3237 hacc
502 3174 539 3237 ab
558 3174 682 3238 Hercule
700 3175 794 3258 Hylan
814 3192 927 3261 separat
945 3189 974 3240 et
991 3177 1069 3240 louis
1083 3177 1174 3241 filium

73 3262 189 3325 inimica
205 3260 336 3345 procula
354 3262 443 3324 sociis
461 3263 564 3344 raplt⁴,
580 3278 611 3326 et
626 3265 656 3326 in
675 3265 858 3347 Cyanearum
876 3266 1028 3350 angustiis,
1042 3267 1175 3329 Minerua

75 3370 194 3434 quoque
207 3350 378 3425 auxiliante,
393 3370 479 3433 rupes
493 3351 567 3414 inter
580 3371 612 3414 se
626 3368 832 3416 concurrentes
846 3355 951 3417 retinet
964 3374 999 3418 ac
1011 3355 1049 3417 de
1063 3355 1174 3418 insonis

74 3437 167 3502 salute
188 3457 256 3500 cnm
278 3439 359 3502 socia
378 3437 505 3522 benigne
523 3439 718 3524 colloquitur⁵
732 3464 741 3520 ;
756 3442 858 3505 eadem
874 3442 922 3505 iila
938 3441 1040 3506 doloa
1057 3444 1172 3506 Venere

73 3526 1175 3614 ornamentaistaimpetratquibuscontrectatisferocissimianimimulcen·
1468 3567 1471 3574 ⁴

22 3651 26 3660 ·
72 3629 121 3678 tur
133 3629 163 3677 et
177 3627 291 3678 secreto
306 3613 440 3700 dulcique
454 3614 576 3678 stimulo
590 3617 916 3702 punguntur⁶3deinde
928 3618 983 3682 sub
997 3617 1172 3703 Chalciopes
1206 3693 1234 3700 Ἴ,
1306 3659 1313 3674 -.
1406 3617 1483 3690 ³„2'

73 3701 201 3786 imagine
221 3703 332 3784 primos
352 3703 461 3766 amoris
481 3701 564 3786 ignes
585 3706 662 3788 apud
682 3704 827 3788 uirginem
848 3705 1007 3771 accenditi.
1028 3706 1172 3770 Maiorem
1322 3705 1325 3710 ’

74 3789 199 3853 fortasse
213 3791 318 3873 Cypris
333 3791 514 3865 Graecorum
528 3789 596 3854 duci
609 3811 698 3876 opem
712 3791 823 3856 adierre
836 3808 866 3858 et
879 3812 925 3857 res
939 3792 1034 3858 adirnc
1046 3793 1171 3858 incertas
1207 3867 1209 3872 ,

101 3969 120 4047 r.
130 4001 326 4057 vacuandam„
336 4001 353 4053 i,
363 4001 457 4056 eei-5²5.
579 3995 583 4006 '
674 4002 1045 4062 5.1o.,lv,679sqqtv.aie·spp.

99 4074 250 4128 absint
259 4071 488 4130 vnn-einen·
672 4082 746 4135 crs..
756 4082 899 4140 v1‚ete-nr·
1073 4091 1075 4096 '
1120 4070 1129 4084 ⁶

99 4157 118 4199 1·
129 4145 171 4198 ¹²·
181 4146 199 4198 ¹³
209 4148 247 4200 ‘⁴¹
256 4159 303 4203 ⁸⁴⁴·
514 4186 516 4191 .
672 4162 899 4220 sinnitensis·

99 4227 120 4268 ⁴·
130 4215 173 4268 io..
183 4216 223 4268 iii.
236 4225 332 4271 sar-5⁴41
341 4217 436 4271 errori.
499 4267 500 4270 Ἴ
574 4243 576 4246 -
