2996 4792
718 253 911 318 ..4-

39 381 40 384 ’
132 379 142 456 q'
244 379 329 440 rinnr
343 397 559 461 personarum,
573 399 625 442 seu
641 377 856 454 bominemsu
865 377 1014 452 Dcitsnnt,
1030 375 1236 440 condicionem
1250 387 1280 438 et
1293 393 1359 438 mo·

40 545 41 552 ¹
173 523 175 526 .
245 483 295 528 rea
309 463 352 529 ad
366 486 466 530 snum
478 467 623 532 arbitrium
639 465 887 556 inionnatqitapq
948 463 1091 542 pilonium
1105 482 1167 528 uon
1179 461 1277 528 solum
1291 461 1359 527 imi·

249 556 310 620 tari
321 556 381 620 sed
395 559 519 642 propria
531 571 592 621 arte
604 576 729 642 aequare
742 537 913 664 uolqiqqeqi
933 568 1026 618 eatur.

291 645 319 706 E
340 645 468 710 Graeco
488 647 577 728 igitur
595 660 685 730 poeta
703 641 802 708 uarios'
806 637 919 707 're'rtr'm'
927 657 1051 706 euentus
1065 656 1095 707 et
1109 655 1315 728 argumentum
1329 654 1359 705 et

253 732 343 816 quasi
357 736 463 818 operis
475 748 649 800 structuram
663 733 779 798 deducit
793 747 823 796 et
835 732 937 796 eadem
951 733 1072 796 materia
1085 733 1187 810 utitur,
1202 731 1286 795 aliter
1299 730 1359 794 dis·

252 820 365 884 tincta.
387 823 521 908 Uterque
540 825 618 886 enim
638 822 753 886 uidetur
772 823 802 885 in
820 841 911 885 unum
929 820 1064 906 idemque
1081 819 1183 884 textile
1202 818 1358 884 earundem

256 929 462 994 personarum
483 912 635 976 dissimiles
656 911 810 976 inseruisse
830 909 949 996 figuras.
969 909 1016 974 Sic
1033 907 1184 994 Apollffli
1201 907 1358 994 prooemio

257 1000 333 1062 satis
354 1014 430 1085 apte
447 1021 543 1087 neque
562 1015 661 1066 tamen
683 999 719 1063 ad
738 997 862 1064 uerbum
879 997 1057 1084 respondent
1074 997 1116 1062 illi
1135 1017 1236 1062 uersus
1254 996 1358 1086 quibus

256 1085 403 1154 Valerius
415 1110 531 1156 carmen
543 1091 722 1176 aggreditur.
737 1089 894 1173 Scripserat
907 1088 980 1153 haec
994 1086 1127 1154 Rhodius
1139 1099 1230 1172 poeta
1243 1105 1252 1148 r
1307 1157 1310 1164 ,

455 1273 613 1401 ’efxdr‘wt
626 1274 678 1344 dt,
693 1273 779 1346 Otila,
792 1271 870 1328 stelas
898 1273 958 1328 tlara
972 1271 1032 1360 ulls
1045 1275 1134 1348 qm

452 1369 471 1422 p
493 1365 584 1422 ,capxq
599 1346 627 1402 ai
640 1343 748 1404 Πόντοιο
762 1343 823 1402 xatl
899 1364 916 1398 a
929 1345 971 1400 ui
984 1344 1025 1400 &a
1037 1345 1126 1422 „lgm
1244 1427 1250 1440 ‚

452 1411 720 1564 mmm
757 1491 832 1562 tvm
846 1415 1054 1562 mirri.

311 1700 398 1775 Quae
411 1698 529 1785 quidem
539 1699 655 1763 exculte
668 1711 699 1762 et
710 1697 789 1762 dulci
803 1697 944 1762 breuitate
955 1695 1065 1776 lucent,
1079 1697 1276 1780 nauigationis
1289 1715 1360 1762 cau·

271 1805 337 1849 snm
350 1801 378 1850 et
390 1784 479 1850 finem
492 1799 522 1850 et
532 1787 588 1850 iter
602 1799 632 1850 et
644 1785 798 1870 pulchrum
811 1786 894 1849 nanis
907 1785 999 1869 ipsius
1010 1785 1085 1849 bene
1094 1797 1220 1848 armatae
1228 1784 1357 1870 speciem

65 1942 66 1959 q
105 1919 107 1923 -
274 1871 464 1956 designantia.
477 1873 572 1936 Multo
589 1887 689 1937 antem
708 1873 924 1950 uehementius,
938 1893 999 1936 non
1013 1874 1075 1936 sine
1088 1873 1217 1958 quodam
1230 1873 1359 1938 numidae
1407 1919 1439 1938 ..

68 1981 75 2101 q
275 1961 414 2026 orationis
426 1961 549 2045 impetu,
563 1959 706 2024 exclamat
717 1960 872 2025 Valetiust

68 2114 71 2161 t

70 2161 74 2201 t
456 2147 545 2203 Prima
557 2147 638 2202 deum
651 2149 756 2218 magnis
769 2149 890 2202 canimus
903 2143 969 2202 freta
1016 2145 1072 2202 ruis
1085 2149 1174 2203 nautis

74 2205 76 2248 t
456 2218 654 2302 fatidicamque
667 2227 761 2285 tatem,
776 2216 893 2291 Sepuhicl
907 2233 974 2291 quae
1010 2217 1109 2274 hasidls
1122 2233 1184 2274 oras

455 2289 529 2345 Ausa
541 2305 615 2362 sequr
629 2288 785 2363 mediosque
799 2293 867 2344 lnter
879 2289 942 2360 iuga
955 2292 1060 2344 concita
1073 2304 1165 2345 cursus

455 2357 598 2432 Rumpere,
612 2357 774 2415 flammifero
787 2359 893 2414 tandem
906 2360 1026 2415 consedit
1035 2357 1167 2432 Olympo.

314 2568 391 2630 Cum
404 2587 476 2631 uero
488 2569 518 2630 in
527 2568 670 2632 eiusmodi
680 2568 840 2653 prooemiis
849 2581 955 2650 poetae
963 2587 1009 2630 res
1017 2567 1118 2652 quales
1127 2587 1241 2630 narrare
1250 2571 1361 2633 consti·

275 2656 381 2719 merint
393 2655 556 2739 significare
570 2657 694 2733 soleant,
711 2656 834 2720 dubitari
850 2671 949 2740 potest
966 2675 1038 2718 num
1055 2657 1188 2718 Valerius
1206 2655 1298 2738 ipsam
1319 2657 1361 2720 fa-

275 2743 395 2806 bulosae
412 2747 646 2827 Aegonamarum
664 2745 746 2807 nauis
764 2745 888 2826 figuram
908 2744 991 2826 plane
1004 2757 1145 2806 mutatam
1160 2757 1189 2806 et
1207 2744 1237 2806 in
1250 2759 1360 2808 astrum
1389 2746 1392 2753 '

273 2849 445 2894 conuersum
459 2833 670 2914 excogitauerlt
682 2832 795 2918 sibique
807 2830 1023 2895 describendam
1036 2833 1237 2908 reseruauerit,
1258 2831 1359 2896 Ouidii

273 2921 741 3092 {stillicidiis
758 2934 948 3093 stilti
962 2920 1361 3071 millissimum

76 3155 78 3187 r
273 3095 397 3157 moriam
417 3109 567 3178 repetere3
585 3116 675 3180 quem
694 3097 772 3160 dicas
792 3097 890 3177 potius
912 3096 990 3158 haud
1010 3097 1072 3158 sine
1090 3114 1176 3158 causa
1195 3112 1360 3171 extremum

75 3208 76 3215 ¹
188 3185 190 3188 ’
273 3180 351 3245 ltnnc
364 3202 480 3246 uersum
493 3185 651 3267 scripsisse.
666 3185 724 3248 Sed
742 3204 788 3248 res
808 3183 942 3268 ambigua
961 3198 1016 3261 eat,
1032 3183 1171 3266 quoniam
1190 3201 1264 3265 opus
1282 3182 1361 3245 haud

272 3269 433 3352 perlectum
445 3272 592 3355 pependit.
611 3274 643 3336 si
660 3292 731 3336 uero
750 3291 860 3334 nouam
876 3271 955 3334 illam
974 3271 1160 3355 diuinamque
1179 3273 1275 3352 Argus
1294 3290 1361 3352 spe·

270 3356 347 3420 ciern
359 3358 556 3440 expressisset,
570 3379 632 3423 non
644 3359 769 3423 multum
783 3372 864 3422 extra
875 3357 1000 3423 modum
1012 3377 1102 3442 quem
1116 3356 1170 3421 sibi
1179 3359 1361 3442 imposuerat
1379 3369 1393 3380 ”

270 3459 348 3507 esset
360 3465 541 3528 progressus.

308 3532 418 3594 Rerum
434 3531 561 3615 ipsarum
581 3533 714 3596 ordinem
732 3544 762 3595 et
778 3534 1014 3618 Argonautarum
1031 3532 1087 3596 iter
1104 3551 1289 3616 nequaquam
1306 3533 1362 3595 im·

269 3617 415 3694 mutauit;
429 3616 460 3678 in
472 3617 531 3680 hoc
544 3617 666 3682 fideliter
677 3619 824 3683 Graecum
837 3619 984 3703 exemplar
997 3631 1042 3682 est
1055 3617 1221 3682 adsecutus.
1232 3621 1265 3681 ln
1274 3618 1361 3699 Vale·

269 3703 304 3768 tii
314 3722 436 3788 qnoque
453 3705 582 3768 camnine
597 3708 795 3792 Argonautae,
809 3721 967 3791 postquam
980 3703 1080 3769 funem
1093 3705 1257 3781 soluerunt,
1268 3708 1360 3789 Paga·

268 3810 315 3853 sas
327 3805 446 3874 portum
459 3807 570 3876 atergo
579 3794 687 3857 sensim
695 3793 886 3858 inirafluctns
896 3793 1046 3878 delapsum
1055 3791 1198 3860 uidentes.
1209 3795 1359 3879 Aegaeum

268 3896 347 3941 mate
359 3879 506 3955 traiciunt,
520 3893 551 3944 et
563 3881 707 3945 Lemnum
718 3880 844 3945 insulam
857 3895 961 3966 petunt
972 3881 1003 3944 in
1016 3899 1075 3964 qua
1092 3880 1219 3944 multum
1236 3881 1359 3945 Veneria

267 3963 464 4052 uoluptatibus
477 3983 508 4032 et
520 3968 580 4032 acri
591 3969 743 4046 uiduarum
755 3969 911 4052 mulierum
928 3969 1022 4032 amori
1039 3967 1161 4031 libenter
1179 3968 1359 4047 concedunt,

273 4097 480 4120 ‹nahar—-

293 4134 683 4257 ssmdfflrdssqlilmmpptaa.
