2970 4802
532 269 770 342 -„,-

101 401 183 464 mum
202 400 405 464 uehementem
425 403 534 464 Iasonis
554 420 687 465 amorem
703 401 831 478 inidat',
851 401 955 464 deinde
974 401 1097 465 heroem
1121 401 1196 467 nube

100 489 225 551 inuoluit
237 507 306 551 curu
319 488 366 551 hie
383 489 421 550 ad
437 491 546 552 Aeetae
564 489 674 573 regiam
694 488 829 551 incedit².
847 491 928 565 Quin
947 488 1045 565 etiam,
1060 509 1107 552 res
1120 491 1197 574 ipsas

100 574 233 657 impellit,
249 575 311 637 siue
324 576 459 639 Medeam
471 577 552 640 domi
566 577 606 638 ita
619 575 724 639 retinet
736 589 770 639 ut
787 575 883 659 puella
897 577 993 639 uirum
1007 576 1195 660 conspicuo,

101 663 162 726 sine
182 663 299 746 reginae
317 664 379 746 ipsa
396 663 505 740 obstat,
524 683 593 728 eum
610 662 760 748 paululum
778 664 860 727 abest
879 664 949 749 quin
964 664 1037 728 haee
1051 665 1104 728 ubi
1118 683 1198 728 mor·

100 765 160 812 tem
180 752 375 830 consciscstt,
397 771 519 835 eamque
545 773 563 814 a
587 770 678 813 eaeeo
704 751 804 814 surore
831 752 868 814 ad
892 752 1067 834 placidiores
1095 771 1196 816 sensus

99 837 266 926 reducit,
243 858 305 900 stuc
324 838 455 901 Aeetiadi
475 840 613 902 timorem
633 839 787 918 incutiens,
809 838 954 922 uirginem
973 839 1054 906 illam
1074 839 1196 924 impellit
1257 907 1261 914 ,
1369 887 1372 894 .
1423 811 1454 828 .,

99 938 133 987 ut
146 943 215 988 cum
229 925 332 989 Iasone
345 924 445 1011 lugam
459 942 601 1010 capessat.

310 1051 390 1104 tal'
364 1070 392 1104 ιιι
404 1069 445 1104 atr
459 1047 578 1119 «ιἰτιῦτῆ
547 1056 625 1142 τῆμος
638 1049 698 1122 lxip
710 1047 789 1174 piper
803 1049 884 1106 dileco
898 1051 1016 1124 κούρη,

308 1118 425 1208 φάρμακα
438 1122 592 1194 amenter,
611 1119 735 1206 'lippe'
752 1119 844 1174 illusos
858 1117 1016 1194 ptrotsde,

308 1207 327 1245 ιι
317 1188 377 1280 'pri
392 1210 432 1278 μιν
445 1175 549 1264 Φρίξοιο
563 1189 642 1244 lca
618 1209 663 1244 eur
676 1191 747 1246 estol
761 1189 871 1262 φέὸισθαι

310 1252 389 1332 ulpots
402 1257 447 1317 a'nr
448 1262 566 1333 topdrnvl
569 1301 621 1320 .....

81 1437 82 1440 ,
99 1374 179 1434 Haec
192 1372 295 1435 eadem
307 1374 562 1458 Argonautarum
553 1373 675 1452 inceptis
688 1372 780 1449 fauet,
794 1393 862 1435 cum
882 1373 1008 1435 reditum
1025 1373 1056 1436 in
1075 1374 1195 1455 patriam

98 1460 278 1522 meditantur
289 1475 317 1524 et
330 1461 367 1524 ad
381 1463 513 1523 Histrum
530 1460 641 1523 flumen
657 1459 859 1542 splendentem
878 1460 1021 1545 quandam
1035 1460 1130 1524 lucem
1144 1482 1196 1544 per

98 1548 209 1608 caelum
231 1548 389 1610 immissam
409 1563 543 1624 cernunt,
563 1567 637 1632 quac
660 1561 775 1610 rectum
797 1549 851 1611 iter
871 1547 1045 1632 signifieat⁶.
1070 1549 1195 1626 Deinde,
1246 1565 1252 1578 ·

98 1635 258 1697 uiolentam
279 1649 483 1718 tempestatem
501 1637 664 1710 concitans,
683 1634 866 1698 Colchomm
880 1635 1003 1698 classem
1022 1635 1194 1715 disturbat⁷;

97 1721 186 1806 paulo
202 1736 270 1804 post
282 1741 396 1785 summa
410 1722 459 1785 illa
472 1722 544 1786 caeli
558 1738 758 1806 terrarumque
768 1722 887 1786 domina
902 1737 1120 1806 peropportune
1130 1744 1197 1806 pro-
1294 1764 1296 1768 ,

96 1809 201 1872 cellam
224 1823 326 1872 mouet
347 1827 380 1874 ιιι
402 1815 483 1893 Argo
509 1811 590 1873 nauis
612 1810 649 1873 ad
672 1809 848 1873 Electridem
871 1812 996 1874 insulam
1018 1813 1197 1892 propellatur
1230 1887 1233 1892 Ι

97 1916 195 1978 eoque
214 1897 300 1959 citius
318 1899 404 1961 lason
420 1911 449 1960 ct
461 1897 565 1960 Medea
587 1899 636 1981 qui
649 1896 808 1979 Absyrtum
822 1898 977 1961 crudeliter
990 1899 1197 1966 trucidauerint

97 1984 217 2045 caedem
232 1984 351 2065 piaculis
364 1985 472 2050 luantl.
488 1987 582 2047 immo
598 2003 658 2047 non
672 1984 844 2066 dedignatur
858 1999 891 2047 ut
909 1984 999 2067 longe
1017 1984 1053 2047 ab
1071 1986 1194 2049 Oceano
1230 2017 1235 2024 ·

96 2083 223 2132 errantes
244 2086 374 2146 reuocet,
396 2072 583 2148 exclamares,
609 2085 637 2133 et
661 2072 691 2134 in
713 2070 835 2133 Celticis
854 2071 1007 2154 paludibus
1027 2073 1194 2154 impeditam

97 2175 203 2216 nauem
220 2158 282 2239 ipsa
304 2177 391 2219 manu
409 2158 571 2219 alienare¹⁰.
587 2156 678 2218 Multa
696 2176 768 2219 uero
783 2160 862 2220 Deae
876 2158 1029 2241 potestatis
1043 2172 1072 2221 et
1086 2157 1195 2220 fauoris

96 2243 180 2324 signa
206 2244 404 2325 praeterimus.
433 2245 527 2319 Quae¹
545 2258 634 2327 poeta
660 2243 764 2307 leuiter
788 2245 906 2326 attigit;
930 2264 999 2309 cum
1024 2244 1195 2330 plerumque

21 2369 22 2374 κ
97 2331 195 2392 omnia
217 2331 266 2393 illa
289 2331 386 2394 diuina
407 2332 503 2396 officia
525 2332 647 2395 strictim
668 2331 854 2408 describeret,
877 2332 968 2396 semel
989 2333 1195 2397 tantummodo

96 2417 189 2481 fusius
210 2433 345 2506 agentem
360 2421 452 2483 Deam
471 2420 582 2484 effinxit
599 2441 607 2484 t
624 2440 698 2506 quae
711 2421 779 2484 irim
792 2422 829 2484 de
842 2420 925 2484 caelo
938 2421 1064 2485 demittit
1078 2421 1195 2484 Thetidi

98 2521 128 2570 et
141 2507 309 2591 Hephaesto
324 2522 354 2571 et
366 2508 460 2572 Aeolo
474 2512 603 2571 Deorum
619 2510 735 2591 reginae
750 2510 884 2573 mandata
894 2510 1047 2587 ferentem,
1060 2523 1092 2573 ut
1104 2513 1196 2592 Argo·

97 2609 201 2658 nautae
220 2616 326 2660 saeuae
347 2597 508 2680 Charybdis
528 2599 676 2681 angustias
689 2608 867 2682 superent¹¹.
883 2598 979 2660 Semel
998 2618 1116 2684 quoque
1134 2597 1195 2680 ipsa
1238 2592 1239 2596 ¹
1319 2651 1345 2664 -

96 2704 184 2746 ueros
204 2705 307 2747 sensus
328 2687 481 2768 exprimit:
504 2700 577 2769 quot
597 2687 676 2748 enim
697 2686 841 2767 precibus,
864 2705 952 2770 quam
973 2685 1051 2749 dulci
1073 2700 1102 2749 et
1126 2699 1195 2769 apto

97 2792 232 2835 sermone
255 2773 376 2856 Cyprim
401 2774 572 2836 exhortatur
598 2787 630 2837 ut
654 2773 775 2837 Medeae
798 2788 828 2837 et
850 2775 960 2837 Iasonis
984 2774 1077 2836 amori
1099 2771 1197 2837 faueat

97 2879 207 2944 eosque
225 2875 344 2924 mutuae
362 2862 488 2925 caritatis
505 2862 590 2925 nodis
605 2863 752 2946 implicet!
769 2863 868 2937 Quam
882 2861 972 2925 libere
984 2863 1096 2925 lasonis
1110 2862 1196 2925 bene·

96 2948 256 3012 nolentiam
276 2963 421 3013 memorat
440 2964 470 3012 et
490 2970 520 3012 sc
541 2949 679 3013 aduersus
701 2970 770 3013 eum
784 2951 938 3032 profitetur
952 2951 1193 3033 gratissimam¹⁸l

135 3037 262 3100 Palladi
255 3039 320 3122 rpsi,
340 3031 516 3122 quamquam
534 3039 671 3143 Argum'
663 3059 693 3101 m
712 3037 884 3102 exstruendo
904 3059 978 3101 naue
995 3037 1117 3115 adiuuit,
1132 3059 1194 3100 non

96 3124 243 3189 multum
236 3148 265 3188 ιιι
284 3125 369 3190 rebus
382 3125 483 3188 adesse
498 3126 640 3207 contigit;
655 3127 691 3189 de
705 3128 882 3208 Argonautis
895 3141 994 3189 tamen
1012 3127 1136 3190 sollicita
1149 3139 1195 3189 eat

96 3233 151 3275 nec
177 3215 334 3296 quicquam
360 3215 504 3296 antiquius
531 3233 619 3297 quam
646 3214 770 3277 heroum
796 3212 913 3276 illorum
939 3215 1064 3276 salutem
1093 3214 1190 3278 habet.

96 3301 195 3382 Opem
208 3321 280 3364 uero
295 3301 470 3383 singularem
483 3302 661 3383 Argonautis
673 3299 768 3364 adfert
781 3321 848 3363 cum
862 3300 946 3364 nauis
964 3301 994 3364 in
1008 3301 1192 3386 Cyanearnnt

32 3375 36 3392 ’
95 3389 212 3473 gurgite
234 3389 338 3452 iactata
360 3389 388 3451 in
411 3408 527 3452 summo
551 3388 690 3470 periculo
704 3387 854 3467 uers'atur3
879 3404 948 3453 tunc
970 3409 987 3453 e
1008 3383 1091 3454 caelo
1114 3387 1191 3453 nube

95 3476 227 3538 inuoluta
238 3478 428 3580 descendens,
442 3476 569 3540 heroum
581 3491 705 3541 conatus
724 3439 855 3562 diligenti
873 3479 992 3541 caritate
1004 3479 1191 3563 prosequitur

95 3578 124 3626 et
137 3564 254 3627 tandem
268 3584 335 3628 cum
349 3565 408 3627 iam
420 3584 512 3650 prope
525 3565 666 3651 frangitur
679 3566 797 3650 puppis,
811 3567 842 3630 in
855 3585 958 3630 saxum
972 3566 1089 3631 sinistra
1104 3585 1193 3630 mann

95 3653 194 3716 innixa
206 3671 311 3714 nauem
325 3651 411 3717 simul
425 3653 525 3716 dextra
539 3651 687 3737 propellit.

122 3842 468 3900 r.Arom.Argnr.,ill,jdaqqr
710 3855 730 3898 7.
741 3843 832 3897 ΜΝ,
842 3856 880 3900 50⁹
890 3858 936 3902 sqq.

2 3961 3 3964 ,
93 3973 95 3976 v
120 3925 140 3958 a.
151 3914 242 3967 tenu,
252 3925 347 3970 atoagq.
522 3929 524 3934 ¹
711 3913 831 3967 t.le.,lv,
843 3926 937 3971 ppaaqq.

2 4031 3 4046 χ
121 3983 347 4041 pmfflmm
422 3996 428 4014 ·
708 3983 935 4038 pmffiwm
1016 4026 1019 4054 ι

1 4064 3 4072 ·
120 4053 347 4110 mmmmm.
442 4089 445 4094 .
697 4051 888 4106 mmmm.

121 4132 140 4176 5.
152 4121 284 4175 ln.,1V,so.
397 4148 404 4160 ·
543 4137 545 4141 ·
696 4134 729 4167 ιι.
742 4119 783 4174 le..
792 4121 830 4176 lv,
839 4121 935 4178 prr-964.

119 4190 140 4238 6.
151 4192 194 4247 ln..
204 4192 242 4246 lv,
251 4204 299 4249 aaa.
696 4203 728 4237 ra.
739 4192 781 4245 le..
789 4191 831 4245 tn,
843 4191 910 4248 5576,
921 4194 1015 4240 rot-tre.
1029 4263 1036 4271 Ι
