2970 4802
542 339 759 408 ..9,-

105 467 182 528 enirn
196 468 301 531 adiecit
315 487 390 552 quae
404 470 440 533 ad
454 470 658 533 delectandum
672 483 701 531 et
719 467 901 532 mouendum
920 469 1069 551 aptissima
1087 485 1195 534 essent.

104 555 232 616 Primum
246 557 380 619 carminis
394 557 479 620 initio
493 557 645 620 recessisse
659 555 776 619 uidetur
793 556 842 618 illa
861 557 957 637 uirgo,
974 575 1059 640 quam
1073 557 1197 639 splendi-

103 639 222 702 dissimo
249 640 461 706 adulescentiae
488 645 562 706 ilore
588 645 663 706 inter
688 642 823 724 aequales
846 641 992 705 lucentem
1019 656 1197 725 expresserat

102 726 287 808 Apollonius.
299 731 338 793 ht
347 750 445 793 mrsus
458 733 583 794 Hecates
596 730 645 792 illa
659 729 794 792 sacerdos
808 742 838 792 et
847 728 923 791 Solis
932 729 987 792 Dei
995 727 1104 812 proles,
1112 730 1196 793 cuius

103 814 185 894 ignes
199 815 337 880 emittunt
352 819 449 896 ocelli,
466 818 612 881 aValerio
628 817 793 894 inducitur;
809 836 882 900 quae
901 816 1019 899 quidem
1036 818 1195 880 castissima

103 913 133 962 et
146 899 332 966 iestiuissima
345 905 506 987 puellarum
520 919 629 983 manet,
644 923 738 989 neque
753 903 848 966 adhuc
866 905 960 966 saeuis
978 905 1103 966 stimulis
1118 905 1194 967 intra
1278 963 1285 972 „

103 1002 205 1070 pectus
217 991 351 1073 agitatur.
369 993 469 1068 Quare
482 1007 545 1058 tum
559 993 589 1056 in
602 991 722 1056 Medeae
736 992 849 1074 pudore
868 1005 897 1055 et
914 991 1033 1055 terribili
1049 995 1209 1074 potestate¹
1308 1056 1318 1066 ,
1423 1067 1427 1074 ,

101 1077 297 1160 exprimendis
310 1097 509 1145 commoratur
522 1095 621 1164 poeta.
635 1081 712 1143 Cum
726 1081 815 1164 igitur
827 1079 923 1142 iasoni
937 1079 986 1162 qui
1000 1097 1117 1162 stupere
1126 1080 1194 1142 naui

103 1163 292 1231 descenderat
310 1169 420 1231 ancillis
439 1169 575 1232 comitata
596 1170 735 1244 occurrit,
758 1167 871 1230 nullum
892 1168 981 1229 alium
1001 1186 1119 1229 sensum
1139 1167 1194 1230 nisi

101 1252 239 1318 timorem
256 1255 381 1340 aliquem
399 1256 527 1322 exhibet.
544 1255 703 1320 lionendis
722 1257 807 1318 enim·
819 1256 877 1318 iam
893 1254 1016 1318 somniis
1033 1256 1142 1331 territa,
1156 1255 1193 1318 ad

102 1342 227 1405 Hecates
239 1343 391 1408 delubrum
404 1359 438 1409 ut
451 1366 482 1409 se
496 1345 633 1409 lustraret
645 1343 895 1428 progrediebatur,
911 1344 1003 1428 qualis
1018 1343 1093 1406 inter
1103 1344 1194 1427 Nym-

101 1428 174 1511 phas
187 1450 239 1513 per
252 1452 376 1495 amoena
389 1454 456 1496 rura
469 1436 560 1496 Diana
573 1433 622 1496 uel
634 1433 805 1516 Proserpina
818 1431 906 1496 solet.

257 1583 306 1638 iiis
320 1583 423 1641 turbata
438 1583 519 1639 minis
533 1581 631 1640 fluuios
644 1586 782 1658 ripamque
796 1582 900 1656 petebat

256 1653 386 1721 Phasidis,
402 1655 505 1728 aequali
514 1653 672 1728 Scythidum
685 1657 830 1710 comitante
842 1667 958 1712 caterua.

256 1723 349 1780 Florea
362 1743 409 1799 per
421 1729 495 1781 uerni
510 1723 595 1801 qualis
610 1727 672 1800 iuga
685 1725 761 1780 duxit
774 1727 893 1798 Hymetti

256 1797 310 1850 Aut
323 1795 412 1852 Sicula
425 1798 473 1854 sub
488 1814 553 1870 rupe
566 1798 673 1864 choros,
689 1796 751 1851 hinc
763 1794 897 1869 gressibus
911 1794 1021 1852 haerens

257 1865 379 1923 Pallados
393 1869 455 1923 hinc
469 1886 546 1924 carae
557 1870 716 1940 Proserpina
728 1868 816 1922 iuncta
829 1867 942 1934 Dianae,
1020 1879 1023 1888 ’
1053 1917 1055 1919 ,

255 1936 344 1994 Altior
358 1955 389 1994 ac
402 1938 475 1994 nulla
489 1943 620 1995 comitum
634 1950 759 2007 certante,
775 1941 929 2012 priusquam

256 2007 353 2064 Palluit
366 2021 392 2064 et
405 2013 464 2065 uiso
479 2009 569 2082 pulsus
583 2011 665 2065 decor
676 2013 766 2064 omnis
780 2009 905 2074 Anemo,

255 2077 329 2134 Talis
342 2089 369 2134 et
383 2082 410 2134 in
424 2083 496 2136 uittis
529 2081 633 2136 eminae
646 2096 709 2134 cum
723 2077 825 2134 lumine
837 2077 930 2134 taedae

254 2146 365 2206 Colchis
378 2159 434 2206 erat
448 2097 568 2206 nondum
583 2153 695 2208 miseros
707 2164 787 2206 exosa
801 2156 946 2223 parentes¹.
1052 2187 1057 2198 ·

99 2293 156 2354 Ubi
170 2294 296 2375 primum
311 2295 441 2378 hospites
454 2296 521 2358 illos
534 2295 750 2370 animaduertit,
766 2295 852 2380 fugae
867 2315 899 2358 se
913 2297 1097 2358 committere
1111 2297 1194 2378 cogi·

102 2391 155 2455 tat,
176 2393 209 2443 ut
225 2381 357 2444 timidam
375 2383 502 2467 puellam
520 2384 614 2446 decet.
635 2385 793 2466 Postquam
811 2397 910 2446 autem
928 2385 1060 2447 iasonem
1076 2398 1143 2446 ante
1160 2401 1194 2445 se

97 2466 178 2530 uidet
191 2467 227 2530 de
239 2469 340 2532 itinere
354 2485 384 2534 et
396 2474 504 2534 Aeetae
522 2472 600 2555 regia
619 2472 859 2554 interrogantem,
874 2472 1045 2554 simpliciter
1062 2485 1091 2533 et
1109 2471 1192 2554 inge-

98 2575 156 2618 nue
175 2558 344 2639 respondet,
365 2561 461 2622 uirum
479 2559 562 2622 illum
581 2561 663 2632 cuius
682 2561 743 2644 ipsa
761 2561 834 2622 luno
852 2559 1095 2643 pulchritudinem
1113 2559 1193 2621 aurit

97 2644 256 2724 admirata3
278 2668 374 2732 neque
394 2668 466 2712 uero
490 2669 525 2711 er
547 2648 731 2731 amplissimis
752 2647 851 2712 herois
871 2647 1113 2732 gratulationibus
1132 2645 1192 2711 ulla

97 2736 203 2797 amoris
218 2736 340 2799 scintilla
353 2739 383 2800 in
396 2737 517 2820 uirginis
530 2751 650 2820 pectore
662 2737 846 2816 accenditur;
857 2739 988 2801 Romana
1001 2757 1071 2801 uere
1082 2735 1198 2821 puella,-

96 2842 112 2884 e
126 2824 215 2886 nobili
230 2827 310 2902 loco,
326 2846 396 2889 mos
411 2826 509 2908 grauis
523 2841 656 2889 matrona
674 2825 770 2888 futura
791 2826 838 2889 hic
857 2826 959 2904 adest3
974 2827 1058 2889 cuius
1074 2840 1107 2888 ut
1126 2826 1193 2889 uin·

95 2926 198 2976 cantur
216 2915 353 2978 timiditas
372 2929 402 2978 et
419 2915 524 2997 pudor,
539 2914 725 2998 insuperabili
742 2914 870 2978 fatorum
889 2917 918 2978 ui
938 2915 1096 2999 multisque
1113 2915 1192 2998 ipso·

95 3022 161 3064 rum
174 3005 305 3066 Deorum
320 3003 472 3066 conatibus
485 3004 539 3066 erit
559 3024 645 3088 opus,
660 3024 715 3067 nec
733 3003 856 3067 sonasse
869 3003 987 3066 Amoris
1005 3003 1054 3066 illa
1072 3003 1188 3088 sagitta,

91 3110 182 3172 quam
197 3093 315 3176 egregie
328 3092 477 3176 descripsit
491 3087 666 3178 Apollonius
679 3112 731 3176 per
743 3112 809 3155 aera
826 3093 933 3155 insciae
950 3093 1069 3154 Medeae
1088 3104 1190 3174 pectus
1201 3139 1214 3155 -.

93 3179 325 3264 transigentem,
348 3179 384 3248 ad
405 3180 594 3266 frangendam
613 3182 701 3246 talem
721 3183 856 3245 uirtutem
877 3181 914 3245 sit
933 3181 1003 3244 satis
1023 3179 1127 3245 ualida.
1151 3180 1188 3243 lii

94 3289 166 3332 uero
184 3289 287 3332 sensus
306 3290 367 3333 non
384 3269 483 3334 subito
502 3285 669 3355 erumpunt,
685 3271 735 3334 sed
753 3271 828 3333 inter
845 3291 876 3334 se
894 3270 1081 3354 excipientes,
1100 3288 1187 3352 saepe

92 3357 188 3435 tardo,
209 3373 239 3422 at
259 3373 340 3424 certo
360 3360 452 3443 gradu
472 3361 692 3443 producuntur3
710 3358 806 3422 noluit
820 3359 897 3423 enim
908 3359 1041 3422 Valerius
1054 3357 1187 3422 Medeam

92 3446 168 3510 ad'eo
182 3445 266 3512 facile
279 3449 372 3512 amori
386 3449 499 3512 cedere.
515 3449 616 3533 Neque
631 3449 689 3513 hoc
708 3462 753 3512 est
769 3449 800 3533 in
818 3467 906 3533 parua
919 3449 1004 3512 laude
1018 3447 1186 3534 ponendum

93 3536 173 3619 quod
187 3537 269 3601 aliter
282 3557 316 3601 ac
328 3538 456 3600 Graecus
470 3536 590 3620 uirginis
604 3536 727 3601 affectus
745 3535 928 3618 descripserit
940 3559 948 3615 ;
963 3556 1090 3620 namque
1103 3536 1187 3619 cupi·

92 3623 165 3686 ditas
179 3626 228 3688 illa
240 3627 394 3690 exordiens
406 3645 443 3690 er
455 3625 651 3690 misericordia
669 3641 698 3690 et
716 3625 908 3688 admiratione
925 3625 1064 3702 nascitur,
1080 3624 1184 3689 deinde

91 3715 199 3778 sensim
221 3730 352 3800 augetur.
373 3719 532 3799 Postquam
548 3716 633 3792 luno,
653 3714 829 3798 Chalciopes
850 3713 996 3777 Aeetiadis
1019 3714 1136 3778 uultum
1156 3726 1186 3783 et

92 3801 223 3867 habitum
237 3824 339 3886 gerens
353 3803 486 3866 Medeam
498 3802 535 3865 ad
548 3803 665 3866 moenia
677 3805 838 3885 turrimque
852 3801 946 3884 rapuit
964 3815 998 3865 ot
1015 3801 1083 3864 inde
1100 3820 1186 3886 proe-
1266 3812 1269 3818 '

90 3887 193 3953 Manus
206 3890 287 3954 uiros
301 3904 331 3953 et
344 3890 374 3952 in
387 3892 480 3976 prima
493 3889 556 3952 acie
570 3889 714 3973 praeclara
726 3902 870 3974 agentern
881 3891 1015 3952 iasonem
1033 3887 1186 3952 admirare·

90 3989 149 4055 tur,
163 3978 237 4041 haec
250 3978 333 4041 illum
345 3998 477 4042 amorem
489 3978 549 4040 iam
562 3979 698 4063 concepit
712 3997 749 4041 er
763 3995 824 4062 quo
838 3990 884 4041 tot
904 3977 980 4041 mala
998 3975 1052 4041 sibi
1066 3975 1185 4062 suisque

91 4080 167 4131 esset
187 4079 353 4135 attractura.
368 4067 460 4132 hdest
477 4067 595 4131 lunonis
612 4080 643 4130 et
662 4065 784 4131 Veneris
802 4083 921 4145 numen,
936 4063 1017 4130 adest
1034 4063 1184 4150 cingulum

118 4289 136 4322 s.
147 4277 200 4323 vas.
209 4279 298 4335 Argos..
307 4278 334 4333 v,
345 4291 390 4335 ur.
403 4297 431 4314 ι-
444 4266 480 4324 ci.
489 4288 558 4321 mesra
567 4277 619 4322 illst
628 4277 766 4335 edloqmsn,
777 4277 871 4333 ςσΜ.
1034 4332 1043 4340 ,
