2970 4802
711 267 926 355 ..78-

275 418 381 482 Eadem
393 417 535 504 grauitate
548 419 669 502 Mopsus
682 431 764 482 uates
778 417 877 482 socios
886 414 1183 502 hortaturautequam
1189 413 1364 502 Dolionlbus

274 507 328 570 fert
339 507 467 584 inferias,
482 520 512 570 et
524 509 708 592 Argonautas
720 505 901 583 consolatur,
915 503 1027 570 nobiles
1044 505 1200 570 sententias
1217 505 1365 589 esapien·

273 597 347 661 tium
359 593 501 660 doctrinis
515 595 689 680 depromens
705 617 713 661 s
1066 631 1070 638 =

428 791 536 865 Quippe
549 807 599 848 nec
613 794 640 846 ln
654 801 748 848 uentos
761 807 811 847 nec
825 793 852 846 ln
866 788 960 846 ultima
972 789 1105 848 soluimus
1117 804 1187 859 ossa,

279 873 284 882 ’
376 860 820 950 ’,ῑηωεῐριιηηυεᾶοῑοτὶ
823 903 874 920 .....
1319 864 1323 873 “

275 1055 312 1118 Et
324 1056 420 1140 pergit
432 1069 525 1132 nates,
541 1053 686 1120 defutura
700 1055 762 1118 ulta
773 1068 803 1117 et
817 1056 983 1118 occisorum
998 1053 1156 1118 ultionibus
1168 1053 1297 1140 locutus.
1312 1113 1315 1120 .

314 1143 440 1206 Eandem
454 1143 568 1207 &cendi
583 1146 644 1207 uim
658 1143 789 1206 Valerius
806 1141 835 1205 in
850 1142 1020 1207 Telamonis
1039 1157 1070 1206 et
1087 1143 1226 1226 Meleagri
1244 1156 1365 1206 conten-

275 1229 357 1294 tione
370 1245 506 1312 praestat,
516 1250 585 1294 cum
598 1231 645 1294 ille
659 1229 829 1295 derelictum
843 1230 1009 1306 Herculem,
1025 1229 1215 1295 fortissimum
1229 1229 1363 1306 heroem,

276 1317 415 1403 queritur,
429 1319 476 1381 hic
489 1333 587 1382 autem
600 1319 762 1401 procaciter
772 1319 921 1382 sociorum
935 1338 1049 1381 moram
1062 1318 1191 1402 increpat
1208 1331 1239 1380 et
1252 1320 1365 1381 Hercu-

274 1402 309 1468 lis
322 1405 485 1490 superbiam
494 1408 651 1490 uituperat,
660 1405 827 1470 Telamonis
840 1406 911 1470 iram
920 1421 950 1470 et
960 1405 1152 1471 contumelias
1161 1407 1190 1470 in
1200 1425 1232 1470 se
1241 1424 1365 1471 conuer-

274 1505 349 1558 tens.
365 1495 460 1558 Multo
474 1493 591 1579 quidem
606 1494 723 1560 breuior
734 1493 904 1559 Telamonis
917 1510 947 1558 et
959 1497 1070 1560 Iasonis
1084 1495 1160 1580 apud
1172 1493 1364 1579 Apollonium

275 1581 452 1667 disputatio;
467 1585 516 1667 qui
531 1583 644 1647 acribus
663 1585 737 1647 inter
753 1603 785 1646 se
804 1585 903 1666 iurgiis
920 1582 1112 1660 lacessebant,
1131 1603 1185 1647 nec
1203 1597 1301 1646 tamen
1321 1583 1364 1645 ni·

158 1733 162 1738 .
274 1671 366 1735 mium
376 1671 465 1735 furori
475 1693 529 1736 suo
539 1670 726 1758 indulgebant
734 1692 828 1758 neque
838 1674 868 1737 in
877 1671 996 1757 longam
1006 1671 1307 1758 querellanrmsen'ern
1315 1691 1366 1736 ex-

274 1760 524 1847 currebant3quid
533 1760 747 1826 alterdealtero
757 1762 874 1826 sentiret
882 1762 1087 1827 tantummodo
1097 1761 1247 1840 notabant,
1257 1774 1365 1824 etcum
1399 1761 1415 1791 '²

274 1849 402 1914 Glaucus
418 1850 455 1914 ad
472 1850 628 1933 placandos
647 1851 760 1915 animos
778 1850 904 1928 adesset,
918 1866 1041 1937 uterque
1060 1865 1160 1916 mutua
1178 1848 1365 1914 excusatione

274 1959 306 2004 se
325 1939 451 2003 multum
472 1939 612 2002 erraulsse
635 1938 776 2004 fatebatur
798 1953 827 2004 et
848 1941 929 2027 quod
951 1942 1055 2026 cuique
1078 1940 1283 2025 praestandum
1303 1953 1366 2003 erat

273 2027 353 2092 ultro
365 2028 511 2092 reddebat.
526 2026 583 2091 Sed
597 2030 713 2093 Lrtious
727 2044 814 2114 poetr
826 2031 1032 2094 sententiarum
1050 2031 1161 2114 impetu
1180 2043 1210 2092 et
1223 2027 1365 2114 grauitate

273 2117 359 2181 iacile
372 2118 461 2180 uincit
473 2141 482 2194 ;
496 2115 641 2200 Meleager
655 2120 745 2195 eninr,
763 2120 846 2182 cuius
863 2139 898 2181 ea
912 2132 956 2182 est
974 2138 1057 2182 mens
1070 2132 1102 2183 ut
1120 2135 1235 2202 semper
1252 2131 1366 2182 coutra-

274 2206 348 2268 riam
360 2219 472 2288 partem
485 2205 632 2287 suscipiat,
647 2205 677 2268 in
691 2207 783 2269 minas
795 2206 1050 2270 uehementissime
1063 2207 1198 2288 erumpit.

272 2451 277 2460 .
377 2402 436 2460 llos
481 2400 547 2457 triae
560 2402 743 2471 immemores,
753 2415 878 2460 maneant
891 2421 940 2460 ceu
953 2401 1024 2460 nulla
1038 2415 1159 2460 reuectos

378 2417 635 2556 Gauda-reddum
648 2475 1033 2548 saeuaesnbregetlyceme,
1289 2479 1292 2484 '

379 2544 421 2599 Ad
435 2543 555 2600 medturu
568 2555 725 2600 cunctamur
738 2545 805 2602 iterl
809 2589 862 2603 .....

696 2657 771 2672 .....
779 2615 854 2681 Quid
868 2615 959 2671 deside
972 2626 1042 2672 terta

379 2684 547 2740 Haeremus?
561 2700 661 2740 uacuos
674 2701 722 2740 cur
735 2685 832 2742 lassant
844 2701 960 2759 aequora
973 2689 1046 2741 uisus
1054 2685 1075 2740 i.

378 2755 826 2882 hillulutllll‘lu·
859 2753 1163 2896 ,humilii

378 2893 514 2964 Sanguine
527 2864 710 2968 trid-lamque
722 2895 785 2951 hinc
799 2841 912 2968 dp’erum
921 2843 1001 2969 duur}
1009 2897 1125 2950 maxima
1139 2901 1245 2966 poscol.

274 3084 380 3147 Nonne
391 3083 538 3168 gloriosior
549 3084 598 3150 ille
612 3085 707 3163 miles,
722 3087 806 3150 cuius
820 3084 909 3150 uerba
923 3085 1047 3148 heroum
1061 3070 1164 3147 manus
1178 3081 1297 3146 incitare
1310 3082 1367 3148 dici

275 3176 437 3255 possunt⁴?

313 3261 371 3324 Sed
384 3281 524 3347 nusquam
537 3261 684 3345 pulchrius
702 3276 732 3326 et
750 3262 844 3347 aptius
864 3261 995 3346 personis
1014 3280 1116 3324 sensus
1129 3260 1367 3325 accommodauit

275 3369 362 3434 quam
375 3350 406 3414 in
418 3351 468 3414 illa
480 3353 613 3416 oratione
626 3372 685 3438 qua
698 3353 783 3415 lason
796 3349 980 3430 Colchorum
998 3351 1061 3435 regi
1079 3349 1246 3434 respondet.
1262 3350 1368 3434 Super·

274 3436 329 3500 hus
341 3457 411 3501 sane
421 3441 601 3522 conspicitur
615 3441 715 3517 heros,
730 3441 782 3503 sed
795 3453 893 3502 tameo
907 3438 963 3501 sihi
976 3439 1039 3522 ipse
1052 3440 1176 3522 imperat
1190 3452 1219 3501 et
1232 3438 1367 3502 dolorem

275 3539 404 3606 coercet,
418 3547 513 3612 neque
526 3530 681 3614 quicquam
695 3526 772 3591 aliud
789 3526 844 3590 sihi
862 3525 939 3590 laudi
955 3527 1085 3591 attnhuit
1100 3529 1156 3591 nisi
1174 3528 1255 3613 quod
1272 3525 1367 3590 Peliae

275 3615 413 3679 mandato
426 3636 528 3700 parens
541 3619 579 3681 ad
595 3618 716 3682 ultimos
733 3635 827 3702 prope
845 3614 923 3680 orbis
941 3629 1081 3680 terrarum
1101 3615 1173 3680 fines
1191 3615 1368 3701 peruenerit,

64 3801 71 3810 .
141 3779 144 3784 ¹
276 3703 347 3768 nihil
359 3719 437 3768 certe
449 3706 504 3769 nisi
516 3727 636 3770 aureum
648 3705 719 3770 illud
732 3703 827 3769 uellus
839 3724 894 3789 pto
907 3707 1027 3768 munere
1039 3705 1206 3784 uindicans;
1216 3698 1251 3768 at'
1260 3703 1368 3768 nullam

275 3793 408 3856 mrurhm
420 3813 559 3878 neque-se
572 3815 667 3880 neque
678 3794 777 3859 socios
789 3813 861 3858 suos
873 3792 999 3857 declarat
1010 3811 1211 3877 perpessuros.
1224 3853 1242 3886 x

304 4042 616 4103 ussermann,
687 4011 690 4018 ⁴
872 4043 1053 4100 eruitur„
1177 4049 1178 4054 ¹

302 4114 526 4172 mmmmm·
986 4143 1078 4161 .....
1088 4113 1300 4160 sinuli-dualem

277 4183 833 4296 ffi.fw“··⁴’'“⁴·‘¹*·
925 4167 1240 4264 ““······,“·,··,··,,
1328 4233 1331 4240 ,
