2996 4792
549 233 766 282 -11—

110 346 308 425 lilie'obscuri
330 375 359 422 et
379 361 487 423 fumosi
510 361 599 438 ruris,
625 361 672 423 hie
695 358 851 422 heroidum
878 359 1004 441 superbo
1031 361 1143 440 impetu
1166 362 1202 424 ad
1281 398 1286 407 ·

107 448 240 512 bellicam
252 449 387 534 gloriam,
401 451 527 512 instante
539 451 643 524 Marte,
658 461 806 529 raptarum
819 461 932 510 mentes
948 461 1074 529 occupat
1089 449 1199 532 imago.
1226 515 1227 520 ,

147 538 331 620 Ubicumque
343 536 403 599 fere
415 550 557 613 terrarum
571 537 660 599 situm
674 534 837 616 descripsit,
852 535 930 597 idem
946 533 1101 598 consilium
1121 535 1203 600 adhi-

108 625 169 688 buit
184 642 281 708 poeta.
302 627 404 688 Parum
422 625 499 687 enim
518 624 623 688 referre
647 637 729 706 putat
752 644 790 685 an
812 625 842 686 in
862 623 1006 706 poematis
1026 639 1200 706 argumento

108 712 194 776 huius
208 712 256 776 uel
269 713 344 776 illius
358 712 468 776 insulae
481 732 589 776 nornen
607 710 780 788 aboleuerit,
796 711 843 776 uel
861 712 891 774 in
904 709 1094 796 depingendis
1106 713 1202 800 regio-

107 802 190 865 nibus
213 800 354 886 quaedam
377 822 477 885 parum
500 801 715 882 circumscripta
739 800 899 884 reliquerit.
923 800 1100 885 Apollonius
1118 801 1148 865 in
1167 821 1201 866 ea

107 891 203 974 operis
220 903 301 973 parte
319 911 376 975 qua
398 892 478 974 Argo
497 889 578 954 nauis
597 889 634 952 de
653 888 734 952 ioieo
758 888 796 953 ad
818 889 962 954 Lemnum
984 889 1094 974 Aegaei
1112 892 1200 956 maris

107 1001 172 1044 oras
187 980 426 1063 praeteruehitur,
442 979 533 1044 multa
546 981 612 1044 loca
627 979 770 1063 designat,
787 981 938 1064 quaeriue
952 981 1201 1060 inmediisundis,
1296 1033 1300 1044 ,
1325 1013 1329 1022 .

106 1070 168 1132 siue
181 1071 211 1132 in
223 1068 310 1132 litore
322 1085 508 1153 procurrunt,
522 1082 648 1145 exstant,
667 1070 797 1131 eminent
816 1068 863 1131 uei
884 1069 914 1130 in
932 1069 1013 1132 sinus
1026 1081 1168 1132 canantur
1177 1079 1199 1133 ¹.

107 1157 162 1220 Hic
183 1157 283 1222 lucido
306 1158 460 1242 subtilique
482 1157 550 1219 stilo
574 1156 779 1219 adumbrantur
801 1155 952 1220 Thessalia
975 1165 1121 1236 πολυλήϊος,
1142 1155 1202 1221 iru-

107 1246 197 1308 menti
210 1247 414 1308 diuitissimum
427 1246 524 1308 solum
540 1259 569 1307 et
583 1244 688 1307 multas
702 1245 777 1306 inter
793 1245 929 1328 regiones
946 1245 1097 1328 Magnesia
1116 1255 1199 1323 ora',

37 1409 39 1414 ι
107 1331 156 1394 ubi
178 1334 270 1395 sereni
291 1333 399 1396 fluctus
420 1332 546 1395 molliter
568 1345 733 1405 uersantur,
757 1345 788 1394 et
812 1332 935 1415 Dolopis
956 1333 1108 1412 tumulus3
1129 1354 1200 1398 mox

105 1420 233 1483 Homole
246 1440 331 1484 mons
346 1423 375 1484 in
388 1441 467 1484 mare
485 1419 610 1494 demitti,
630 1433 784 1503 praerupta
803 1435 902 1483 autem
921 1422 1015 1484 Ossae
1036 1435 1066 1484 et
1079 1421 1201 1506 Olympi

106 1509 255 1571 cacumina
267 1511 339 1594 erigi
352 1509 499 1586 uidentur,
515 1521 544 1571 et
557 1507 652 1572 Athos
670 1508 706 1570 ad
724 1509 868 1572 Lemnum
884 1509 1045 1591 proiectam
1067 1511 1199 1574 umbram

105 1596 243 1663 extendit.
258 1600 297 1661 At
311 1599 453 1674 Valerius,
470 1596 573 1660 eadem
588 1609 755 1674 retractans,
776 1597 848 1661 nihil
867 1598 904 1660 ad
924 1597 1077 1662 ueritatem
1097 1599 1201 1681 redigit

105 1698 134 1747 et
146 1686 264 1766 ingenio
278 1706 333 1748 suo
347 1685 489 1766 indulget.
505 1687 573 1748 Non
583 1698 681 1748 tamen
691 1686 813 1748 omnino
824 1699 868 1748 eet
878 1685 1130 1770 reprehendendus
1140 1710 1149 1764 ;
1159 1687 1200 1750 sle
1272 1692 1275 1699 '

104 1792 165 1835 non
186 1772 260 1837 falso
280 1773 401 1839 credidit
418 1775 597 1858 Eurymenas
621 1793 686 1837 esse
707 1773 809 1837 urbem
832 1773 978 1860 quandam
1000 1774 1199 1839 Thessalicam

104 1862 198 1924 Ossae
211 1864 306 1926 monti
319 1863 476 1940 confinem,
492 1863 528 1925 ad
542 1881 631 1946 quam
645 1861 820 1946 Apollonius
833 1863 1054 1946 spectauisset³.
1065 1863 1123 1928 Sed
1137 1884 1200 1928 rem

104 1969 206 2013 suero
221 1965 363 2014 remotam
377 1951 481 2027 adfert,
498 1969 566 2013 eum
579 1953 763 2033 Argonautas
781 1965 877 2015 narrat
894 1951 931 2016 ab
949 1951 1031 2016 Iolco
1051 1953 1199 2036 usquead

57 2053 63 2117 j
103 2036 237 2101 Pallenen
251 2058 311 2101 uno
323 2039 490 2123 ¹eodemque
509 2037 557 2100 die
575 2057 639 2101 esse
658 2058 831 2121 progressos
848 2053 879 2103 et
896 2052 1012 2103 tantum
1029 2042 1117 2104 maris
1135 2060 1199 2124 spa·

103 2125 188 2204 tium,
212 2127 364 2190 concitatis
384 2126 533 2202 fluctibus,
555 2127 740 2205 traiecisse⁴;
765 2126 880 2190 ueritati
905 2127 1026 2211 propius
1044 2127 1200 2193 accedebat
1271 2155 1275 2162 ·
1319 2153 1323 2204 ;

104 2213 243 2291 Graecus,
259 2235 325 2278 cum
339 2212 520 2299 quadriduo¹
542 2214 617 2278 hanc
637 2215 853 2297 nauigationem
872 2215 1044 2282 includeret.
1069 2215 1200 2282 Valeriae
1239 2283 1245 2291 ,
1277 2223 1280 2229 ’
1330 2239 1335 2249 ·

104 2313 200 2364 autem
214 2322 433 2386 nonnumquam
447 2317 506 2366 tam
520 2303 678 2388 neglegens
692 2304 774 2366 testis
793 2302 890 2367 euadit
911 2317 944 2368 ut
963 2301 1099 2370 locorum
1122 2305 1200 2370 ordi·

102 2408 170 2454 nem
192 2395 357 2474 praeuertat
377 2405 409 2455 et
428 2391 579 2455 Sciathum
597 2391 721 2454 insulam
740 2407 808 2455 ante
826 2393 942 2477 Sepiam
961 2395 1198 2477 promuntorium

102 2492 210 2543 temere
233 2479 366 2544 referat⁶.
391 2481 493 2565 Longe
510 2480 569 2543 aiio
587 2479 691 2544 colore
709 2482 905 2546 narrationem
924 2481 1059 2560 illustrat,
1077 2503 1146 2547 nam
1165 2504 1200 2548 ea

101 2569 287 2650 potissimum
301 2569 382 2654 eligit
396 2587 471 2655 quae
485 2568 569 2632 facile
588 2581 719 2632 mentem
741 2567 855 2654 capiant
873 2585 903 2636 et
920 2590 1022 2636 sensus
1040 2570 1201 2638 sollicitent

131 2801 149 2832 a.
160 2789 239 2834 Aeone.
250 2789 340 2846 Argen,
350 2790 368 2842 1,
379 2791 472 2846 rte-dep.

127 2872 148 2906 ι.
159 2861 201 2961 'Q
212 2863 256 2916 μ’,
284 2939 286 2944 v
439 2914 537 2972 llatpaeael
547 2881 653 3012 1.ὶὲἐέ
651 2864 860 2976 ιὪυτωιςᾯῖἷμω

438 2971 488 3022 dash
497 2978 531 3012 rel
539 2976 577 3024 ru'p
590 2988 610 3021 eq
621 2973 770 3022 boberellen-u·

127 3059 146 3102 3.
156 3048 181 3092 le
191 3078 198 3100 ,
207 3048 225 3101 1,
237 3060 282 3106 597.

387 3121 448 3161 zareas
457 3117 479 3161 δ’
490 3122 599 3181 Εὐρυμενὰς
608 3137 629 3163 ee
637 3124 780 3171 eeluebdaeeer
789 3138 809 3165 aa
818 3129 922 3180 piperque.

124 3187 152 3234 V.
163 3190 254 3240 enam.
265 3187 296 3232 De
306 3187 331 3232 C.
345 3187 425 3230 Valerii
433 3185 506 3230 Flaui
515 3189 560 3231 atra
569 3195 587 3230 rt
596 3202 694 3242 carnaea,
704 3204 725 3247 p.
738 3202 769 3246 tp.
780 3191 824 3243 Qul
834 3193 855 3234 ln
866 3191 939 3235 notula
948 3193 1019 3235 addite
1033 3192 1071 3251 ¹J.
1078 3193 1197 3252 Wagneree
1278 3157 1281 3166 Ι
1308 3233 1311 3240 .

99 3243 121 3285 lu
134 3244 285 3286 commentaris
294 3256 334 3285 eno
344 3243 461 3297 auspicatur
470 3252 501 3284 ear
510 3242 617 3286 Valeriam
632 3256 675 3286 aen
689 3254 745 3286 reete
759 3245 885 3289 lereiieaiaae
899 3244 1071 3301 Apolloniam...
1084 3255 1106 3289 et
1121 3259 1196 3291 aecem

99 3295 894 3406 {terenuthin{5⁸:12?.;t:t:3:t.²;tt.“t:f‘rffinf¹.iln¹¹::
900 3299 1147 3394 tumnultu*
1176 3302 1195 3344 e

1171 3419 1193 3450 ι

98 3401 149 3443 salia
159 3401 285 3444 nominauit.
297 3401 323 3443 Er
333 3403 354 3442 in
365 3398 455 3454 Seyleeia
465 3399 626 3456 Caryrndenaiu
636 3402 673 3458 qui
684 3413 779 3455 eneam,
789 3405 878 3460 periplo,
887 3405 921 3457 ὅς,
932 3406 954 3446 la
968 3404 1055 3500 η’ΐιῖιο
1069 3405 1170 3463 Bagauna

99 3469 110 3494 ι
125 3453 214 3520 peilamr
222 3453 272 3496 orba
283 3453 422 3520 Eurymenae,
431 3465 485 3508 qaae
494 3454 516 3496 la
524 3466 561 3496 ora
569 3455 684 3499 altrum
696 3457 757 3499 Errat
764 3467 835 3498 tamen
843 3457 923 3507 Peren,
934 3469 983 3500 aa·
1035 3460 1072 3501 ltar
1081 3471 1132 3502 eam
1138 3469 1196 3503 reete

98 3507 453 3609 r·
484 3514 628 3615 .;:r:.n.
637 3508 780 3606 :ene
796 3510 818 3552 ¹·
834 3511 907 3552 Μ’
922 3508 1009 3566 ......
1025 3510 1075 3564 ¹*
1091 3520 1116 3554 ..

121 3643 141 3684 a.
151 3629 205 3673 Vas.
215 3629 306 3686 ἅμα..
318 3628 335 3680 l,
347 3629 394 3682 560,
404 3628 433 3680 11,
445 3639 478 3684 54.

123 3709 141 3750 ς.
152 3713 163 3738 ι
174 3699 243 3741 Biduo
253 3713 272 3751 ι,
282 3707 305 3740 er
318 3697 400 3754 arripnit
415 3699 498 3740 Parem
511 3694 538 3752 (Ι.
552 3695 598 3747 etr..
607 3710 628 3750 p.
641 3697 681 3750 apl.
692 3698 729 3754 qul
738 3699 778 3742 etsi
788 3711 831 3742 noe
840 3698 903 3755 pleae
912 3709 976 3752 emat,
986 3700 1008 3742 ln
1017 3699 1045 3743 ali
1060 3707 1109 3743 aen
1119 3711 1191 3744 tanea

94 3762 185 3793 merear
195 3751 282 3801 incidire
293 3763 341 3792 eam
349 3752 481 3806 Argmaataa
488 3748 572 3791 leobae
578 3749 651 3792 dlebae
659 3751 699 3792 lter
705 3750 850 3803 eonleeerent.
858 3753 895 3795 ead
903 3752 987 3795 dachar
994 3753 1016 3795 le
1117 3754 1191 3798 diebu

94 3802 116 3844 le
125 3803 232 3859 llagneala
240 3815 279 3846 are
286 3803 413 3846 commenti
422 3809 470 3845 sent
478 3802 547 3844 “aar
555 3801 647 3858 procella
658 3801 782 3858 prm.
791 3805 871 3849 nanae
880 3805 972 3860 arm,
982 3803 1001 3857 Ι,
1012 3804 1050 3858 5⁸6
1060 3817 1106 3862 sqq.

120 3873 141 3919 6.
152 3871 206 3918 Ver..
215 3873 307 3930 deges..
316 3873 346 3926 11.
356 3885 377 3928 9.
600 3927 603 3935 Ι

362 3941 514 4052 Ῑῶἕῖιῖι
524 3939 618 3985 subsedit
626 3943 694 4000 aquia,
704 3942 746 3986 laer
755 3939 820 4000 leoga
830 3944 917 3989 meede

120 4060 429 4122 ct.oeoar.1ren.,r.5ea.
519 4114 774 4170 ,ummww
882 4063 885 4072 ⁴

372 4137 905 4228 „mordibis-ammaum...
922 4157 934 4194 ·’
