2996 4792
819 777 1012 910 Vl¹

302 1076 376 1172 sl.
398 1115 443 1130 -
463 1079 699 1145 oneratione
724 1077 881 1144 Valerius
904 1077 1126 1162 Apollonium
1148 1077 1197 1142 alt
1218 1077 1387 1143 lmltstua.

556 1215 574 1310 S
596 1221 627 1286 2.
651 1253 695 1270 -
716 1217 763 1286 De
785 1219 926 1303 propris
947 1219 1025 1284 elus
1048 1221 1135 1284 arte.

240 1575 242 1579 .
342 1515 360 1602 ς
375 1536 403 1580 ι.
415 1519 523 1579 -lam
536 1515 731 1600 intellegimus
739 1535 797 1599 qua
804 1515 939 1579 libertate
946 1527 977 1578 et
986 1533 1044 1598 qna
1053 1527 1152 1578 mente
1159 1515 1292 1579 Valerius
1301 1529 1394 1578 mate-

304 1608 376 1670 riam
388 1606 467 1670 illam
480 1607 687 1670 retractauerit.
702 1605 794 1668 Multa
808 1605 897 1690 igitur
909 1606 939 1668 in
953 1623 1042 1688 opere
1061 1605 1141 1689 quod
1159 1605 1289 1688 diligenti
1304 1625 1392 1668 manu

304 1697 447 1775 uersabat,
462 1697 571 1761 omisit.
586 1697 643 1760 Sed
661 1709 816 1782 antequam
834 1695 870 1759 ad
889 1715 1080 1779 personarum
1097 1695 1323 1781 descriptionem
1343 1715 1394 1758 uc·
1465 1729 1480 1774 :t

304 1789 429 1865 niamus,
440 1785 521 1870 plura
535 1786 619 1850 nobis
633 1786 670 1848 de
683 1785 728 1849 his
745 1785 820 1849 locis
839 1785 958 1849 dicenda
977 1799 1056 1862 sunt,
1072 1787 1102 1849 in
1121 1785 1225 1870 quibus
1242 1785 1393 1869 Apollonii

305 1878 428 1960 uestigia
441 1895 586 1960 premens,
600 1876 702 1939 eadem
715 1895 807 1958 prope
820 1875 875 1938 alia
887 1877 999 1939 ratione
1013 1875 1155 1959 depinxit,
1169 1875 1217 1938 uel
1231 1874 1305 1939 dum*
1315 1895 1394 1938 noua

305 1967 407 2041 adfert,
421 1967 534 2028 Graeco
543 1978 650 2048 poetae
658 1979 703 2027 est
712 1963 884 2044 aemulatus.
895 1965 942 2028 ste
953 1985 999 2027 ars
1008 1965 1069 2046 ipsa
1080 1984 1155 2048 quae
1163 1964 1269 2028 Valerii
1279 1965 1394 2048 propria

304 2069 361 2127 est,
376 2053 480 2116 clarior
492 2056 622 2115 exsistet.

344 2143 494 2224 Nusquam
506 2141 566 2203 fere
583 2139 731 2223 Apollonii
750 2161 852 2204 uersus
871 2141 907 2202 ad
926 2140 1049 2204 uerbum
1068 2139 1200 2202 reddidit.
1221 2141 1289 2202 Non
1306 2138 1395 2202 semel

304 2244 403 2292 tamen
416 2229 534 2312 paulum
545 2226 582 2290 ab
596 2227 751 2309 exemplari
764 2230 885 2304 recedit,
902 2242 934 2290 ut
952 2227 1028 2312 apud
1044 2247 1113 2290 eum
1131 2229 1304 2291 imitationis
1318 2241 1396 2290 certa

305 2317 411 2380 indicia
427 2335 580 2401 agnoscas,
594 2336 663 2379 curn
681 2317 851 2398 praesenim
871 2317 1005 2400 regiones
1023 2315 1169 2380 describit.
1185 2315 1226 2379 lbi
1240 2317 1328 2379 etiam
1342 2336 1396 2378 no·

304 2407 433 2468 tauimus
459 2419 588 2487 poetam,
617 2405 735 2487 ingenio
763 2426 819 2468 suo
846 2404 1067 2490 obsequentem,
1097 2405 1177 2489 quod
1210 2404 1398 2467 mutuabatur

306 2513 410 2558 ornare
422 2508 451 2557 et
462 2493 638 2577 amplificare
651 2492 757 2557 solere.
773 2495 829 2559 Sed
838 2494 993 2580 aliquando
1002 2495 1147 2559 rationem
1156 2515 1215 2580 qua
1224 2495 1313 2559 uerba
1322 2494 1397 2556 inter
1451 2543 1454 2550 .

211 2625 215 2634 -
306 2605 339 2648 se
359 2585 518 2667 excipiunt,
539 2597 636 2647 seruat
657 2585 819 2668 integram
838 2584 908 2648 inibi
927 2599 1103 2649 tamennon
1124 2585 1246 2648 eandem
1267 2597 1396 2647 mentem

307 2674 394 2738 babet
407 2673 455 2737 uel
468 2695 519 2737 res
530 2674 613 2738 aliter
631 2674 770 2757 disponit.
787 2675 834 2739 Sic
854 2695 907 2756 pro
926 2674 984 2739 ltoc
1002 2675 1094 2739 uerbo
1113 2685 1217 2757 δολιχὴν
1236 2674 1317 2758 quod
1330 2694 1398 2757 pro-

307 2765 446 2826 montorii
457 2763 554 2826 Tisaei
568 2762 681 2826 nomini
699 2763 874 2846 Apollonius
887 2762 1073 2848 adiungebat,
1089 2763 1196 2847 obliqua
1208 2763 1320 2840 scribit,
1336 2783 1396 2846 quo

308 2852 424 2915 easdem
441 2871 487 2915 rm
504 2851 558 2914 snb
575 2853 634 2915 alio
654 2853 794 2935 adspectu
806 2872 924 2916 cernere
942 2852 1066 2915 uidetur.
1087 2855 1189 2936 Neque
1210 2871 1281 2916 uero
1300 2852 1398 2914 solum

307 2941 520 3024 prominentem
533 2941 610 3003 illam
624 2955 741 3018 terram,
758 2955 790 3004 ut
804 2940 991 3023 Apollonius,
1005 2940 1056 3004 sed
1069 2939 1222 3004 delubrum
1236 2939 1397 3024 quoddam,

308 3028 492 3134 inhoeloco
502 3031 645 3114 positum,
660 3044 824 3108 memorat;
839 3028 906 3092 inde
923 3049 969 3093 res
988 3031 1087 3093 nescio
1107 3027 1398 3113 qnamagnidcentia

309 3118 425 3183 'mbfflb
508 3215 621 3284 ¹’l'rsaiqrr
634 3216 733 3286 allenium
745 3215 806 3289 txtp
819 3215 925 3290 δολιχὴν
938 3215 991 3270 dias
1005 3211 1083 3287 ἄκρην
1085 3259 1137 3273 .....

515 3320 680 3397 remotaque
692 3321 802 3380 Tisaeae
815 3333 941 3395 mergunt
951 3321 1061 3395 obliqua
1075 3323 1201 3380 Dlanae¹.

20 3453 39 3572 ἶ
179 3491 180 3494 ’
275 3481 538 3562 ¹Nonnumquam
550 3479 631 3562 eligit
644 3499 719 3563 quae
732 3479 889 3561 plurimum
903 3478 1000 3542 ualere
1017 3479 1136 3554 sentiat,
1151 3493 1180 3541 et
1193 3480 1268 3541 intra
1281 3477 1399 3541 breuius

222 3581 225 3586 ·
312 3570 437 3650 spatium
453 3587 516 3630 rem
533 3568 591 3630 iam
607 3567 644 3629 ab
660 3567 820 3650 Apollonio
839 3567 982 3650 depictam
996 3566 1158 3644 concludit,
1174 3566 1316 3650 quaedam
1330 3586 1400 3629 sane

313 3657 461 3733 omnus,
474 3656 526 3719 sed
538 3667 652 3739 praeter
663 3655 805 3718 rationem
820 3673 877 3739 qna
890 3655 1061 3738 plerumque
1075 3656 1177 3728 utitur,
1189 3655 1360 3718 breuitatem
1368 3655 1398 3718 in

313 3741 437 3807 dicendo
448 3743 597 3808 affectans.
612 3745 655 3806 lta
667 3744 724 3807 hos
737 3742 774 3806 de
786 3741 951 3826 Chalybum
964 3758 1052 3829 gente
1064 3763 1166 3806 uersus
1298 3819 1317 3850 x

389 3913 393 3920 '
415 3949 423 3962 „
894 3941 973 3964 .....
977 3897 1035 3958 stibi
1047 3901 1108 3958 nord
1118 3919 1174 3974 spat

284 4053 290 4061 .
447 3997 451 4004 ·
478 3967 507 4028 Χ
553 3968 605 4042 ἡὸς
617 3966 728 4028 ἆπῡιλιι
745 3971 889 4047 aapdarss
906 3969 992 4048 desp,
1009 3971 1076 4030 alli
1088 3971 1187 4048 κελαινῇ

508 4030 520 4072 t
551 4043 636 4126 'amat
646 4045 687 4100 ιιι
701 4049 787 4118 amq
799 4041 908 4119 tram
921 4041 997 4142 squ
1008 4035 1150 4100 ntum

341 4231 894 4322 s.amam,i‚5u.-fsmaop·.,n7.
