2970 4802
708 223 753 238 ...
795 189 838 274 ⁶4
880 225 924 238 .-

274 335 314 396 At
326 333 381 396 sub
394 353 547 416 uesperum
561 333 691 395 Phtsidis
704 333 780 416 ripss
793 333 940 416 stringunt
954 333 1150 414 drgoocutte.
1277 395 1280 404 ,

452 514 500 573 Sol
513 517 622 589 propius
634 515 787 572 flammeum
799 531 880 588 aquas
894 527 1063 590 mnemsque
1077 513 1152 572 issu

451 585 583 659 Coeperat
595 597 699 659 optatos
713 588 766 640 torn
780 585 825 642 ins
839 585 978 642 oenum
992 583 1136 642 Colchum.

310 761 377 824 Non
389 779 458 823 sane
476 761 530 822 slis
550 773 593 824 est
613 761 686 824 ratio
713 780 770 844 qus
799 761 896 824 ussine
916 761 1057 844 cuiusque
1083 761 1210 843 regionis
1230 761 1359 844 speciem

271 847 404 928 exprimit
417 847 452 910 ab
464 847 602 910 heroibus
624 850 652 910 in
675 863 839 910 trcnscursu
862 861 1053 930 conspectam
1073 847 1109 908 de
1132 847 1189 910 hoc
1211 847 1269 910 ism
1289 849 1358 910 sctis

271 933 365 1016 ample
378 933 516 1010 diximus,
534 954 587 996 noc
607 947 936 1017 tsmen‘superuscuum
957 947 1094 1016 putemus
1113 953 1276 998 memorare
1296 954 1357 1018 quo

271 1021 362 1083 nsodo
374 1023 469 1104 Argus
482 1022 565 1083 nauis
584 1035 757 1084 structuram
778 1021 968 1104 descripserit.
985 1021 1053 1084 Non
1072 1021 1162 1098 enirn,
1185 1035 1217 1084 ut
1236 1021 1359 1103 dpoiio-

270 1107 345 1182 nius,
360 1107 508 1171 orchitecti
521 1121 551 1170 et
565 1109 704 1190 opificum
718 1107 916 1171 consiliumet
930 1107 1059 1170 laborem
1074 1111 1147 1170 rnirt
1167 1109 1288 1170 scientis
1309 1127 1354 1170 ex·

269 1192 367 1274 plicet,
381 1213 475 1276 neque
488 1193 632 1278 significet
644 1215 702 1278 qus
715 1195 825 1258 ratione
836 1195 918 1257 ornis
931 1193 978 1257 ills
987 1194 1108 1278 singuiis
1117 1193 1245 1277 portibus
1259 1194 1358 1256 sediti·

269 1293 344 1356 csta,
358 1280 462 1342 deinde
481 1279 608 1364 perfecta
627 1283 677 1358 sit,
700 1281 752 1344 sed
773 1301 810 1344 ex
830 1295 876 1343 tot
899 1281 985 1344 rebus
1007 1301 1056 1344 ess
1078 1279 1159 1366 eligit
1178 1300 1253 1364 quse
1273 1279 1358 1344 focile

217 1403 220 1408 ·
269 1367 387 1450 poetico
401 1366 500 1430 colore
513 1366 604 1430 imbui
617 1368 739 1450 possint.
761 1370 800 1431 m
820 1387 888 1432 uere
909 1369 1061 1432 notatione
1082 1368 1185 1452 digose
1205 1381 1273 1431 sunt
1291 1369 1358 1430 iiise

232 1509 238 1519 .
268 1452 389 1537 figurem
401 1455 557 1539 srtiiicioss
570 1453 691 1518 Politdis
714 1475 801 1518 manu
821 1457 851 1518 in
872 1457 954 1520 ornis
975 1455 1113 1520 uteribus
1131 1455 1238 1538 pictse,
1252 1455 1358 1539 quibos

268 1541 477 1606 mendosorum
486 1545 617 1605 Deorum
626 1541 776 1606 inbuisset
786 1541 874 1618 Peici,
884 1545 969 1608 unius
978 1564 1013 1608 es
1022 1543 1210 1628 Argonautis,
1223 1556 1253 1605 et
1264 1545 1359 1606 Aeso-

268 1629 313 1692 nis
325 1631 415 1713 ipsius
427 1629 556 1694 facinore
569 1629 794 1694 illustrentur.E
815 1649 882 1694 ucrt
903 1632 1028 1715 quadem
1050 1629 1147 1694 tnbuh
1169 1630 1218 1694 ilis
1238 1629 1358 1694 Golttet

267 1735 384 1802 surgere
397 1717 521 1782 uidetur.

437 1891 1088 2047 §gxfflggrffigffifflgquon
1103 1961 1213 2037 delphin

325 2085 329 2091 .
437 2033 568 2106 Corripit;
583 2032 714 2120 dispudet
726 2033 826 2118 deiecto
840 2049 868 2087 ιιι
882 2033 983 2088 lurnint
997 2031 1075 2158 palla,

436 2104 492 2160 Nec
506 2105 570 2160 ioue
584 2119 714 2159 merorem
725 2120 797 2159 nsscr
810 2107 922 2176 suspirat
935 2103 995 2160 Ach
1006 2103 1068 2160 liert.

439 2175 514 2230 thc
527 2175 635 2245 Panope
650 2175 774 2246 Dotoque
786 2189 863 2229 soror
876 2172 1024 2246 lectasque
1037 2173 1118 2229 ductu

436 2243 697 2385 fflfflusdi}
724 2241 1156 2388 ffffiffiff'rr'ss‘ffgieropsi

304 2486 478 2550 Sostierii
490 2487 639 2570 ingenium
657 2489 778 2570 propius
796 2489 985 2570 introspicere
1005 2487 1085 2550 libet.
1101 2487 1150 2552 ilie
1164 2490 1242 2552 enim
1260 2509 1306 2552 res
1325 2502 1355 2551 et

264 2575 399 2638 homines
418 2596 478 2638 non
496 2575 551 2637 alia
570 2595 687 2659 prorsus
704 2590 802 2638 mente
819 2595 908 2661 qutrn
920 2574 1057 2654 artifices,
1074 2596 1125 2640 seu
1140 2578 1287 2661 pingendi,
1302 2597 1354 2640 seu

263 2663 391 2725 caelandi
405 2665 474 2724 ortis
488 2665 584 2744 periti,
600 2664 693 2724 immo
707 2677 738 2724 ut
753 2663 880 2749 quidque
897 2665 927 2726 in
946 2683 977 2726 sc
996 2683 1088 2746 genus
1106 2665 1177 2726 iilud
1195 2664 1355 2748 pulchritu-

263 2751 337 2812 dinis
350 2749 483 2826 hsbebst,
499 2751 613 2812 uidetur
625 2753 779 2833 praecipue
794 2751 1013 2829 obseruauisse3
1028 2752 1170 2815 coicimus
1183 2753 1273 2836 igitur
1286 2771 1354 2816 eum

264 2839 317 2902 snb
330 2837 424 2901 oculis
437 2837 484 2901 uel
498 2839 526 2900 in
540 2839 639 2907 nnirno
653 2837 735 2921 plura
749 2859 837 2924 opert
856 2838 978 2902 mirabili
992 2853 1052 2902 erte
1066 2839 1194 2922 perfecta
1209 2841 1352 2916 habuisse,

264 2945 338 3010 quse
350 2925 380 2988 in
393 2927 586 3010 excogitando
604 2939 634 2990 et
652 2925 803 2990 scribendo
821 2927 995 2992 imitaretur.
1015 2928 1106 3010 Saepe
1124 2929 1202 2990 coint
1215 2946 1354 2990 uersuum
1441 2976 1443 2982 .

264 3013 325 3096 ipse
345 3011 477 3077 coloret
497 3031 593 3076 rerunt
613 3013 822 3095 descriptorum
843 3013 938 3078 forms
959 3014 1017 3079 hoc
1040 3015 1176 3078 uidentur
1197 3009 1351 3078 declarare.

264 3102 529 3186 Nonneissonipse
538 3115 676 3178 statuam,
685 3120 759 3186 quse
768 3103 897 3166 Phasidis
906 3103 1035 3168 fluminis
1044 3105 1140 3168 Deum
1147 3117 1353 3187 reprseseutet,

263 3189 317 3253 sini
330 3201 429 3254 rnente
440 3190 590 3274 proponit,
603 3191 723 3276 eiusque
735 3210 865 3258 summos
877 3191 969 3256 linens
982 3191 1155 3257 adumbrat?
1389 3223 1396 3232 ··

469 3347 546 3426 usne
558 3369 619 3440 uss,
632 3367 739 3427 remu
753 3369 841 3444 prens
853 3369 927 3428 rom
929 3413 981 3429 .....

680 3480 756 3500 .....
762 3441 912 3498 nmemndt
925 3440 1031 3498 fluentis
1045 3451 1047 3456 ’

470 3509 1198 3657 iffisdtffinsntdtmtntdiffl

185 3747 188 3753 ’
301 3755 385 3820 Pium
397 3777 433 3820 ex
447 3757 492 3820 his
506 3742 684 3841 argumentis
697 3775 772 3842 qute
785 3776 877 3842 nuper
889 3706 1130 3835 memorauimus,
1143 3741 1266 3857 tibenin
1274 3758 1352 3822 diets

261 3861 281 3907 e
296 3845 407 3928 pictum
423 3845 548 3928 quedem
566 3859 618 3908 sut
634 3857 740 3908 orosto
761 3865 830 3910 usse
849 3859 901 3910 sut
918 3856 1086 3910 marmoreo
1104 3845 1152 3910 uel
1165 3865 1252 3909 nereo
1265 3846 1351 3930 signo

289 4054 371 4099 mr.
380 4046 563 4110 Δηιῌμπ.
704 4100 706 4108 ,
784 4089 787 4100 .
860 4055 1051 4110 mlh-VM.

286 4135 309 4170 t.
322 4123 496 4180 lustretur.
