2970 4802
728 268 945 337 ..74-

461 399 518 457 Nee
531 398 621 456 mittut
633 401 784 456 lusumuem
798 397 843 455 lux
856 409 915 455 urta
930 395 1022 454 reiecit
1038 407 1173 454 amantem

464 471 554 537 Quam
565 486 628 526 cum
642 469 797 544 laugueutea
811 469 879 526 leuia
892 471 971 542 erigit
985 467 1072 526 lmlter
1084 467 1201 528 aulstw.

289 663 346 727 Sed
359 662 396 726 ad
409 662 487 726 hunc
498 661 610 726 iontem
621 661 744 726 libenter
756 661 877 738 accedit,
892 661 917 725 si
930 680 1036 746 magua
1050 673 1080 724 et
1093 659 1168 725 elata
1182 673 1212 724 et
1225 658 1384 724 uehemen-

289 752 329 815 tia
341 769 443 814 aecum
456 752 486 814 iu
499 751 597 815 auimo
611 752 694 833 gerit.
710 751 787 814 Tum
807 749 979 814 frementem
996 751 1027 813 lu
1040 749 1113 812 ailua
1126 747 1273 825 frondem,
1287 747 1382 812 immi·

288 853 376 901 ueute
396 837 522 914 lrierue’,
543 851 608 900 tutu
628 837 663 900 ab
685 837 831 921 Aquilone
852 855 985 900 euersam
1007 835 1104 901 oleam
1129 837 1251 921 pingiu,
1273 855 1325 900 reu
1346 835 1382 898 de

289 923 402 989 iureute
417 925 531 1001 Medea,
545 944 598 988 aeu
617 924 653 988 de
672 925 773 988 ucciau
790 926 907 1009 Myrace
923 925 1030 1010 agitur.
1050 925 1119 988 Nou
1141 923 1223 988 aliter
1241 925 1338 1000 larun,
1351 923 1382 987 iu

217 1044 219 1048 ·
289 1032 395 1098 campo
408 1011 564 1076 fortissime
577 1013 722 1096 proelians
735 1028 854 1095 poetam
866 1013 897 1076 iu
914 1011 1142 1076 adumbrtndam
1160 1011 1235 1076 ltauc
1253 1013 1383 1096 apecicut

287 1103 414 1166 Naturae
425 1121 570 1165 aummam
585 1103 646 1165 uim
659 1100 863 1165 exhibentium
876 1113 943 1165 tutu
955 1099 1057 1164 furore
1069 1099 1185 1166 aclutae
1197 1099 1330 1185 impellit.

470 1302 541 1358 rlcer
553 1313 582 1358 ut
594 1300 715 1358 autumni
728 1304 812 1369 cauit,
827 1302 948 1376 iramque
961 1303 1051 1360 uocati

469 1372 513 1429 Ab
525 1373 591 1428 que
603 1371 694 1428 saules
707 1372 741 1428 ud
752 1385 836 1444 regua
848 1373 945 1428 luluata
957 1383 1132 1431 cometaem..

469 1443 593 1507 Quantus
605 1441 651 1498 ubl
666 1441 722 1514 ipae
734 1441 800 1514 gelu
933 1457 967 1498 ue
980 1445 1099 1498 lucauult
1113 1441 1199 1499 ltulrre

465 1511 600 1568 Caucatua
612 1523 639 1568 et
651 1527 770 1568 mmmaa
783 1511 848 1568 abllt
882 1512 988 1569 ‘berum
1000 1511 1029 1568 iu
1042 1513 1167 1571 Arcturi

288 1704 344 1766 liic
355 1703 481 1767 Naturee
493 1703 642 1787 splendide
656 1705 790 1768 maieataa
804 1716 835 1768 et
846 1705 982 1767 incitatae
998 1704 1075 1768 uirer
1093 1702 1192 1768 herois
1208 1701 1384 1788 meguimdi·
1401 1767 1420 1792 Α

287 1810 356 1854 uem
369 1791 485 1876 egregie
499 1791 652 1855 illustrant.

327 1880 428 1962 ltaque
447 1897 591 1963 umquem
612 1878 672 1942 lere
692 1879 727 1941 ad
749 1879 875 1942 rusticos
894 1878 1009 1943 laborer
1030 1879 1159 1964 respicit,
1179 1879 1234 1942 nial
1252 1878 1383 1942 culuauia

287 1967 361 2030 acria
379 1964 502 2030 affectus
519 1965 665 2051 quandam
685 1967 843 2051 imaginem
865 1979 1031 2050 praeutaut3
1051 1963 1186 2052 pulchra',
1198 1979 1232 2030 ut
1243 1965 1381 2050 exemplo

185 2104 189 2110 .
288 2067 364 2132 utar,
377 2053 491 2139 liquarii
504 2073 646 2137 quercum
660 2056 818 2118 euerteutia
832 2055 973 2140 apecieat·

469 2252 510 2307 Ac
523 2250 605 2308 ueluti
619 2267 719 2325 magur
733 2255 862 2308 iuuenum
876 2269 940 2308 curu
953 2251 1035 2310 deuta
1049 2253 1142 2328 securi

469 2320 542 2380 Silua
553 2321 625 2378 iubat
638 2325 781 2395 cuneisque
796 2325 879 2394 gemit
892 2339 975 2396 graue
989 2323 1072 2380 robur
1085 2323 1192 2391 adrem,

472 2393 582 2478 lamque¹
595 2393 669 2447 abiea
683 2392 825 2466 piceaeque
839 2403 927 2461 ruunt,
941 2394 979 2449 sic
993 2393 1060 2448 dura
1075 2394 1123 2449 aub
1139 2393 1193 2450 ictu

469 2462 642 2603 mtqrgneuruq
655 2462 794 2536 rualaeque
807 2473 904 2518 ruuaut
916 2479 1073 2536 sparsusque
1086 2464 1197 2519 cerebro

287 2720 381 2784 Multa
399 2722 486 2785 etiam
510 2742 547 2787 ex
566 2736 627 2787 arte
649 2722 782 2786 uenatica
799 2723 909 2804 sumit3
936 2743 1004 2787 nam
1023 2742 1092 2788 cum
1109 2723 1272 2788 Ariaemeui
1288 2721 1385 2788 falcati

287 2829 400 2887 currus,
424 2811 538 2874 Pallade
564 2812 667 2898 acgida
693 2813 852 2896 quatiente,
877 2811 974 2878 cubitu
1001 2812 1139 2877 inducia
1165 2813 1257 2897 ipsius
1285 2813 1385 2897 copias

288 2912 477 2975 reuertentea,
500 2900 600 2962 omnia
619 2898 771 2963 demetunt
790 2913 820 2962 et
842 2919 987 2984 equorum
1006 2899 1238 2984 bellatorumque
1258 2918 1383 2983 corpora

287 2998 434 3063 truncaut,
444 2988 594 3070 aptissima
607 3001 714 3071 poetae
729 2987 843 3050 uidetur
856 3008 1011 3050 ceruorum
1020 2988 1118 3070 imago
1132 3006 1260 3070 quorum
1272 3001 1382 3050 cornua

286 3069 434 3135 muudum
447 3072 543 3136 duu'tia
558 3073 766 3156 impediuntur,
782 3074 812 3136 iu
827 3075 914 3137 tatuit
927 3073 1094 3138 haerentia:

516 3315 591 3332 .....
598 3273 748 3349 lmplleltoa
762 3273 912 3349 miseraque
925 3275 953 3331 lu
1013 3286 1040 3331 te
1054 3277 1189 3332 teuluctoa

460 3343 638 3413 Couiodlum,
652 3359 683 3400 ac
697 3343 785 3402 forme
799 3345 873 3402 uecit
885 3361 941 3402 uou
980 3355 1038 3400 tera
1050 3344 1136 3418 surgit

459 3415 552 3479 Quem
565 3431 660 3471 ceruos
673 3414 719 3470 ubl
732 3432 788 3471 uou
802 3415 908 3474 Umbro
922 3427 1034 3471 uenator
1046 3414 1121 3471 edaci

458 3484 523 3539 Nou
534 3485 617 3568 pluua
631 3485 705 3556 petit,
720 3485 859 3540 haerente·
870 3485 917 3540 ced
930 3485 1056 3569 foruibua
1069 3483 1128 3540 altis

459 3552 567 3607 luueutt
579 3562 607 3607 et
619 3568 699 3608 caece
711 3555 869 3609 murtrtctua
883 3557 979 3626 eacrplt
992 3552 1053 3632 tta‘.

286 3735 332 3799 Ad
345 3735 405 3800 hoc
415 3756 511 3800 rerum
522 3757 616 3821 genus
629 3737 751 3803 refertur
762 3739 860 3824 grauis
874 3711 928 3803 illa
940 3739 1097 3822 descriptio
1116 3733 1263 3803 uenatorit
1280 3759 1385 3822 paruae

285 3824 376 3910 tigre·
387 3824 531 3890 uiolenter
542 3828 698 3911 rapientia
710 3827 803 3910 qualia
812 3841 858 3891 est
866 3827 948 3891 muir
957 3827 1104 3910 remigum
1113 3821 1383 3920 impetup'rupulaa.

294 3955 497 3976 ώ--ι-

198 4003 203 4011 ¹
316 3985 642 4092 utrumq-cattam
885 4035 1188 4097 41a‚vt‚u...craqq.

313 4095 491 4158 ulam&
648 4161 651 4168 Ι
690 4161 692 4165 ¹
888 4104 1009 4161 r.1a‚.nl.
1020 4106 1113 4164 rcraqq.
1219 4130 1221 4134 ·
1254 4121 1255 4130 ¹
1314 4125 1316 4132 ·
1476 4137 1477 4158 r

315 4170 539 4232 chamum.
726 4187 730 4196 ’
885 4175 1104 4238 ιιῌῃιῑης.
1202 4189 1232 4221 =.⁴
1284 4174 1288 4184 '
1339 4217 1343 4224 .
1476 4175 1477 4218 l
